@article{Brink-Kjaer2018,
author = {Brink-Kj{\ae}r, Andreas and Olesen, Alexander Neergaard and Jespersen, C A and Peppard, Paul E and Jennum, Poul J and S{\o}rensen, H B and Mignot, Emmanuel},
doi = {10.1093/sleep/zsy061.141},
file = {:home/alexno/.local/share/data/Mendeley Ltd./Mendeley Desktop/Downloaded/Brink-Kj{\ae}r et al. - 2018 - 0142 Automatic Detection of Cortical Arousals in Sleep using Bi-direction LSTM Networks.pdf:pdf},
journal = {Sleep},
mendeley-groups = {PhD},
number = {suppl{\_}1},
pages = {A55--A56},
title = {{0142 Automatic Detection of Cortical Arousals in Sleep using Bi-direction LSTM Networks}},
volume = {41},
year = {2018},
author+an = {2=highlight},
}
@article{Brink-Kjaer2019,
archivePrefix = {arXiv},
author = {Brink-Kjaer, Andreas and Olesen, Alexander Neergaard and Peppard, Paul E. and Stone, Katie L. and Jennum, Poul and Mignot, Emmanuel and Sorensen, Helge B. D.},
eprint = {1906.01700},
primaryClass = {q-bio.NC},
title = {{Automatic Detection of Cortical Arousals in Sleep and their Contribution to Daytime Sleepiness}},
year = {2019},
author+an = {2=highlight},
}
@article{Brink-Kjaer2020,
author = {Brink-Kjaer, Andreas and Olesen, Alexander Neergaard and Peppard, Paul E. and Stone, Katie L. and Jennum, Poul and Mignot, Emmanuel and Sorensen, Helge B.D.},
doi = {10.1016/j.clinph.2020.02.027},
journal = {Clin. Neurophysiol.},
number = {6},
pages = {1187--1203},
title = {{Automatic detection of cortical arousals in sleep and their contribution to daytime sleepiness}},
volume = {131},
year = {2020},
author+an = {2=highlight},
}
@article{Carvelli2020,
author = {Carvelli, Lorenzo and Olesen, Alexander N. and Brink-Kj{\ae}r, Andreas and Leary, Eileen B. and Peppard, Paul E. and Mignot, Emmanuel and S{\o}rensen, Helge B.D. and Jennum, Poul},
doi = {10.1016/j.sleep.2019.12.032},
journal = {Sleep Medicine},
pages = {109--119},
title = {{Design of a deep learning model for automatic scoring of periodic and non-periodic leg movements during sleep validated against multiple human experts}},
volume = {69},
year = {2020},
author+an = {2=highlight},
}
@article{Carvelli2018,
author = {Carvelli, Lorenzo and Olesen, Alexander Neergaard and Leary, Eileen B and Moore, Hyatt and Schneider, Logan Douglas and Peppard, Paul E and Jennum, Poul J{\o}rgen and S{\o}rensen, H B and Mignot, Emmanuel},
doi = {10.1093/sleep/zsy061.322},
file = {:home/alexno/.local/share/data/Mendeley Ltd./Mendeley Desktop/Downloaded/Carvelli et al. - 2018 - 0323 Design of a Deep Learning Based Algorithm for Automatic Detection of Leg Movements During Sleep(3).pdf:pdf},
journal = {Sleep},
mendeley-groups = {PhD},
number = {suppl{\_}1},
pages = {A124--A124},
title = {{0323 Design of a Deep Learning Based Algorithm for Automatic Detection of Leg Movements During Sleep}},
volume = {41},
year = {2018},
author+an = {2=highlight},
}
@article{Cesari2018,
author = {Cesari, Matteo and Christensen, Julie A E and Kempfner, Lykke and Olesen, Alexander Neergaard and Mayer, Geert and Kesper, Karl and Oertel, Wolfgang H and Sixel-D{\"{o}}ring, Friederike and Trenkwalder, Claudia and Sorensen, Helge B D and Jennum, Poul},
doi = {10.1093/sleep/zsy133},
file = {:home/alexno/.local/share/data/Mendeley Ltd./Mendeley Desktop/Downloaded/Cesari et al. - 2018 - Comparison of computerized methods for rapid eye movement sleep without atonia detection(3).pdf:pdf},
journal = {Sleep},
mendeley-groups = {PhD},
number = {10},
pages = {1--11},
title = {{Comparison of computerized methods for rapid eye movement sleep without atonia detection}},
volume = {41},
year = {2018},
author+an = {4=highlight},
}
@article{Jacobsen2018,
author = {Jacobsen, Kristina Pilgaard and Olesen, Alexander Neergaard and Trap, Lotte and Peppard, Paul E and Sorensen, H B and Jennum, Poul J and Mignot, Emmanuel},
doi = {10.1093/sleep/zsy061.327},
file = {:home/alexno/.local/share/data/Mendeley Ltd./Mendeley Desktop/Downloaded/Jacobsen et al. - 2018 - 0328 Automatic Detection of Respiratory Events During Sleep Using Bidirectional LSTM Networks(3).pdf:pdf},
journal = {Sleep},
mendeley-groups = {PhD},
number = {suppl{\_}1},
pages = {A125--A126},
title = {{0328 Automatic Detection of Respiratory Events During Sleep Using Bidirectional LSTM Networks}},
volume = {41},
year = {2018},
author+an = {2=highlight},
}
@conference{Klok2018,
address = {Honolulu, HI, USA},
author+an = {4=highlight},
author = {Klok*, Aske B. and Edin*, Joakim and Cesari, Matteo and Olesen, Alexander Neergaard and Jennum, Poul and Sorensen, Helge B.D.},
booktitle = {2018 40th Annu. Int. Conf. IEEE Eng. Med. Biol. Soc.},
doi = {10.1109/EMBC.2018.8513413},
pages = {4920--4923},
publisher = {IEEE},
title = {{A New Fully Automated Random-Forest Algorithm for Sleep Staging}},
year = {2018},
}
@article{Olesen2018,
author = {Olesen*, Alexander Neergaard and Cesari*, Matteo and Christensen, Julie Anja Engelhard and Sorensen, Helge Bjarup Dissing and Mignot, Emmanuel and Jennum, Poul},
author+an = {1=highlight},
doi = {10.1016/j.sleep.2017.11.1141},
journal = {Sleep Med.},
pages = {97--105},
title = {{A comparative study of methods for automatic detection of rapid eye movement abnormal muscular activity in narcolepsy}},
volume = {44},
year = {2018},
}
@inproceedings{Olesen2019,
address = {Berlin, Germany},
author = {Olesen, Alexander Neergaard and Chambon, Stanislas and Thorey, Valentin and Jennum, Poul and Mignot, Emmanuel and Sorensen, Helge B. D.},
booktitle = {2019 41st Annu. Int. Conf. IEEE Eng. Med. Biol. Soc.},
doi = {10.1109/EMBC.2019.8856570},
pages = {556--561},
publisher = {IEEE},
title = {{Towards a Flexible Deep Learning Method for Automatic Detection of Clinically Relevant Multi-Modal Events in the Polysomnogram}},
year = {2019},
author+an = {1=highlight},
}
@inproceedings{Olesen2016,
address = {Orlando, FL, USA},
author = {Olesen, Alexander Neergaard and Christensen, Julie A E and Sorensen, Helge B D and Jennum, Poul J},
booktitle = {38th Annu. Int. Conf. IEEE Eng. Med. Biol. Soc.},
doi = {10.1109/EMBC.2016.7591548},
pages = {3769--3772},
publisher = {IEEE},
title = {{A Noise-Assisted Data Analysis Method for Automatic EOG-Based Sleep Stage Classification Using Ensemble Learning}},
year = {2016},
author+an = {1=highlight},
}
@inproceedings{Olesen2018c,
address = {Honolulu, HI, USA},
author = {Olesen, Alexander Neergaard and Jennum, Poul and Peppard, Paul and Mignot, Emmanuel and Sorensen, Helge Bjarup Dissing},
booktitle = {2018 40th Annu. Int. Conf. IEEE Eng. Med. Biol. Soc.},
doi = {10.1109/EMBC.2018.8513080},
publisher = {IEEE},
title = {{Deep residual networks for automatic sleep stage classification of raw polysomnographic waveforms}},
year = {2018},
author+an = {1=highlight},
}
@article{Olesen2018a,
author = {Olesen, Alexander Neergaard and Peppard, Paul E and Sorensen, H B and Jennum, Poul J and Mignot, Emmanuel},
doi = {10.1093/sleep/zsy061.315},
journal = {Sleep},
number = {suppl{\_}1},
pages = {A121--A121},
title = {{0316 End-to-End Deep Learning Model For Automatic Sleep Staging Using Raw PSG Waveforms}},
volume = {41},
year = {2018},
author+an = {1=highlight},
}
@article{Olesen2019a,
author = {Olesen, Alexander Neergaard and Thybo, Jakob and Chambon, Stanislas and Thorey, Valentin and Jennum, Poul J and Sorensen, Helge B and Mignot, Emmanuel},
doi = {10.1093/sleep/zsz067.317},
journal = {Sleep},
number = {Supplement{\_}1},
pages = {A130--A130},
title = {{0318 Towards A Deep Learning-based Joint Detection Model For Nocturnal Polysomnogram Events}},
volume = {42},
year = {2019},
author+an = {1=highlight},
}
@article{Stephansen2018,
author = {Stephansen*, Jens B and Olesen*, Alexander Neergaard and Olsen, Mads and Ambati, Aditya and Leary, Eileen B and Moore, Hyatt E and Carrillo, Oscar and Lin, Ling and Han, Fang and Yan, Han and Sun, Yun L and Dauvilliers, Yves and Scholz, Sabine and Barateau, Lucie and Hogl, Birgit and Stefani, Ambra and Hong, Seung Chul and Kim, Tae Won and Pizza, Fabio and Plazzi, Giuseppe and Vandi, Stefano and Antelmi, Elena and Perrin, Dimitri and Kuna, Samuel T and Schweitzer, Paula K and Kushida, Clete and Peppard, Paul E and Sorensen, Helge B. D. and Jennum, Poul and Mignot, Emmanuel},
author+an = {1=jointfirst;2=jointfirst,highlight},
doi = {10.1038/s41467-018-07229-3},
journal = {Nat. Commun.},
pages = {5229},
title = {{Neural network analysis of sleep stages enables efficient diagnosis of narcolepsy}},
volume = {9},
year = {2018}
}
@article{Ambati2020,
author = {Ambati, Aditya and Ju, Yo-El and Lin, Ling and Olesen, Alexander Neergaard and Koch, Henriette and Hedou, J J and Leary, Eileen B and Sempere, Vicente Peris and Mignot, Emmanuel and Taheri, Shahrad},
journal = {Sleep},
title = {{Proteomic biomarkers of sleep apnea}},
year = {2020},
addendum = {(\emph{in press})},
author+an = {4=highlight},
}
@misc{Olesen2020AutomaticSetting,
title = {{Automatic sleep stage classification with deep residual networks in a mixed-cohort setting}},
year = {2020},
author = {Olesen, Alexander Neergaard and Jennum, Poul and Mignot, Emmanuel and Sorensen, Helge B D},
addendum = {(\textit{under review})},
author+an = {1=highlight},
}
@misc{Olesen2020DeepDetection,
title={{Deep transfer learning for improving single-EEG arousal detection}},
author={Alexander Neergaard Olesen and Poul Jennum and Emmanuel Mignot and Helge Bjarup Dissing Sorensen},
year={2020},
eprint={2004.05111},
archivePrefix={arXiv},
primaryClass={cs.CV},
% booktitle = {2020 42nd Annu. Int. Conf. IEEE Eng. Med. Biol. Soc.},
addendum={(\textit{accepted}, IEEE EMBC 2020)},
author+an = {1=highlight},
}
@article{Thybo2020,
title = {{Fully Automatic Detection of Sleep-disordered Breathing Events}},
author = {Thybo, Jakob and Olesen, Alexander Neergaard and Olsen, Mads and Leary, Eileen and Jennum, Poul and Sorensen, Helge B D and Mignot, Emmanuel},
journal = {Sleep},
year = {2020},
addendum = {(\textit{in press})},
author+an = {2=highlight},
}
@misc{Olesen2020MSED,
author = {Olesen, Alexander Neergaard and Jennum, Poul and Mignot, Emmanuel and Sorensen, Helge B D},
title = {{A multi-modal sleep event detection algorithm for clinical sleep analysis}},
year = {2020},
addendum = {(\textit{in preparation})},
author+an = {1=highlight},
}
