@article{Aboalayon2016,
author = {Aboalayon, Khald and Faezipour, Miad and Almuhammadi, Wafaa and Moslehpour, Saeid},
doi = {10.3390/e18090272},
journal = {Entropy},
number = {9},
pages = {272},
title = {{Sleep Stage Classification Using EEG Signal Analysis: A Comprehensive Survey and New Investigation}},
volume = {18},
year = {2016}
}
@article{Adamantidis2020,
author = {Adamantidis, A R and Schmidt, M H and Carter, M E and Burdakov, D and Peyron, C and Scammell, Thomas E},
doi = {10.1093/sleep/zsz296},
journal = {Sleep},
pages = {1--9},
title = {{A circuit perspective on narcolepsy}},
year = {2020}
}
@article{Agnew1966,
author = {Agnew, H. W. and Webb, Wilse B. and Williams, Robert L.},
doi = {10.1111/j.1469-8986.1966.tb02650.x},
journal = {Psychophysiology},
number = {3},
pages = {263--266},
title = {{The first night effect: an EEG study of sleep}},
volume = {2},
year = {1966}
}
@article{Alvarez-Estevez2019,
author = {Alvarez-Estevez, Diego and Fern{\'{a}}ndez-Varela, Isaac},
doi = {10.1016/j.sleep.2019.01.025},
journal = {Sleep Med.},
pages = {6--14},
title = {{Large-scale validation of an automatic EEG arousal detection algorithm using different heterogeneous databases}},
volume = {57},
year = {2019}
}
@book{AmericanAcademyofSleepMedicine2014,
    address = {Darien, Il},
    author = {{American Academy of Sleep Medicine}},
    edition = {3},
    publisher = {American Academy of Sleep Medicine},
    title = {{International classification of sleep disorders}},
    year = {2014}
}
@article{AmericanSleepDisordersAssociation1992,
author = {{American Sleep Disorders Association}},
journal = {Sleep},
number = {2},
pages = {173--184},
title = {{EEG arousals: scoring rules and examples: a preliminary report from the Sleep Disorders Atlas Task Force of the American Sleep Disorders Association}},
volume = {15},
year = {1992},
addendum = {\textsc{pmid:} \href{https://www.ncbi.nlm.nih.gov/pubmed/?term=11032543}{11032543}},
}
@article{Amzica1998,
    author = {Amzica, F. and Steriade, M.},
    doi = {10.1016/S0013-4694(98)00051-0},
    journal = {Electroencephalogr. Clin. Neurophysiol.},
    number = {2},
    pages = {69--83},
    title = {{Electrophysiological correlates of sleep delta waves}},
    volume = {107},
    year = {1998}
}
@article{Anderer2005,
    author = {Anderer, Peter and Gruber, Georg and Parapatics, Silvia and Woertz, Michael and Miazhynskaia, Tatiana and Kl{\"{o}}sch, Gerhard and Saletu, Bernd and Zeitlhofer, Josef and Barbanoj, Manuel J and Danker-Hopfe, Heidi and Himanen, Sari-Leena and Kemp, Bob and Penzel, Thomas and Gr{\"{o}}zinger, Michael and Kunz, Dieter and Rappelsberger, Peter and Schl{\"{o}}gl, Alois and Dorffner, Georg},
    doi = {10.1159/000085205},
    journal = {Neuropsychobiology},
    number = {3},
    pages = {115--133},
    title = {{An E-Health Solution for Automatic Sleep Classification according to Rechtschaffen and Kales: Validation Study of the Somnolyzer 24 Ã— 7 Utilizing the Siesta Database}},
    volume = {51},
    year = {2005}
}
@article{Andlauer2012,
author = {Andlauer, Olivier and Moore, Hyatt and Hong, Seung-Chul and Dauvilliers, Yves and Kanbayashi, Takashi and Nishino, Seiji and Han, Fang and Silber, Michael H and Rico, Tom and Einen, Mali and Kornum, Birgitte R and Jennum, Poul and Knudsen, Stine and Nevsimalova, Sona and Poli, Francesca and Plazzi, Giuseppe and Mignot, Emmanuel},
doi = {10.5665/sleep.2080},
journal = {Sleep},
number = {9},
pages = {1247--1255},
title = {{Predictors of Hypocretin (Orexin) Deficiency in Narcolepsy Without Cataplexy}},
volume = {35},
year = {2012}
}
@article{Andlauer2013,
author = {Andlauer, Olivier and Moore, Hyatt and Jouhier, Laura and Drake, Christopher and Peppard, Paul E and Han, Fang and Hong, Seung-Chul and Poli, Francesca and Plazzi, Giuseppe and O'Hara, Ruth and Haffen, Emmanuel and Roth, Thomas and Young, Terry and Mignot, Emmanuel},
doi = {10.1001/jamaneurol.2013.1589},
journal = {JAMA Neurol.},
number = {7},
pages = {891},
title = {{Nocturnal Rapid Eye Movement Sleep Latency for Identifying Patients With Narcolepsy/Hypocretin Deficiency}},
volume = {70},
year = {2013}
}
@inproceedings{Andreotti2018,
address = {Honolulu, HI, USA},
author = {Andreotti, Fernando and Phan, Huy and Cooray, Navin and Lo, Christine and Hu, Michele T. M. and {De Vos}, Maarten},
booktitle = {2018 40th Annu. Int. Conf. IEEE Eng. Med. Biol. Soc.},
doi = {10.1109/EMBC.2018.8512214},
pages = {171--174},
publisher = {IEEE},
title = {{Multichannel Sleep Stage Classification and Transfer Learning using Convolutional Neural Networks}},
year = {2018}
}
@article{Arnardottir2016,
author = {Arnardottir, Erna S. and Bjornsdottir, Erla and Olafsdottir, Kristin A. and Benediktsdottir, Bryndis and Gislason, Thorarinn},
doi = {10.1183/13993003.01148-2015},
journal = {Eur. Respir. J.},
number = {1},
pages = {194--202},
title = {{Obstructive sleep apnoea in the general population: highly prevalent but minimal symptoms}},
volume = {47},
year = {2016}
}
@inproceedings{Bahdanau2015,
address = {San Diego, CA, USA},
archivePrefix = {arXiv},
arxivId = {1409.0473},
author = {Bahdanau, Dzmitry and Cho, Kyunghyun and Bengio, Yoshua},
booktitle = {3rd Int. Conf. Learn. Represent. (ICLR 2015)},
eprint = {1409.0473},
title = {{Neural Machine Translation by Jointly Learning to Align and Translate}},
year = {2015},
primaryClass = {cs.CL}
}
@inproceedings{Banko2001,
address = {Morristown, NJ, USA},
author = {Banko, Michele and Brill, Eric},
booktitle = {Proc. 39th Annu. Meet. Assoc. Comput. Linguist. - ACL '01},
doi = {10.3115/1073012.1073017},
pages = {26--33},
publisher = {Association for Computational Linguistics},
title = {{Scaling to very very large corpora for natural language disambiguation}},
year = {2001}
}
@inproceedings{Banville2019,
address = {Pittsburgh, PA, USA},
author = {Banville, Hubert and Albuquerque, Isabela and Hyvarinen, Aapo and Moffat, Graeme and Engemann, Denis-Alexander and Gramfort, Alexandre},
booktitle = {2019 IEEE 29th Int. Work. Mach. Learn. Signal Process.},
doi = {10.1109/MLSP.2019.8918693},
pages = {1--6},
publisher = {IEEE},
title = {{Self-Supervised Representation Learning from Electroencephalography Signals}},
year = {2019}
}
@article{Bejnordi2017,
author = {Bejnordi, Babak Ehteshami and Veta, Mitko and van Diest, Paul Johannes and van Ginneken, Bram and Karssemeijer, Nico and Litjens, Geert and van der Laak, Jeroen A. W. M. and Hermsen, Meyke and Manson, Quirine F. and Balkenhol, Maschenka and Geessink, Oscar and Stathonikos, Nikolaos and van Dijk, Marcory CRF and Bult, Peter and Beca, Francisco and Beck, Andrew H. and Wang, Dayong and Khosla, Aditya and Gargeya, Rishab and Irshad, Humayun and Zhong, Aoxiao and Dou, Qi and Li, Quanzheng and Chen, Hao and Lin, Huang-Jing and Heng, Pheng-Ann and Ha{\ss}, Christian and Bruni, Elia and Wong, Quincy and Halici, Ugur and {\"{O}}ner, Mustafa {\"{U}}mit and Cetin-Atalay, Rengul and Berseth, Matt and Khvatkov, Vitali and Vylegzhanin, Alexei and Kraus, Oren and Shaban, Muhammad and Rajpoot, Nasir and Awan, Ruqayya and Sirinukunwattana, Korsuk and Qaiser, Talha and Tsang, Yee-Wah and Tellez, David and Annuscheit, Jonas and Hufnagl, Peter and Valkonen, Mira and Kartasalo, Kimmo and Latonen, Leena and Ruusuvuori, Pekka and Liimatainen, Kaisa and Albarqouni, Shadi and Mungal, Bharti and George, Ami and Demirci, Stefanie and Navab, Nassir and Watanabe, Seiryo and Seno, Shigeto and Takenaka, Yoichi and Matsuda, Hideo and {Ahmady Phoulady}, Hady and Kovalev, Vassili and Kalinovsky, Alexander and Liauchuk, Vitali and Bueno, Gloria and Fernandez-Carrobles, M. Milagro and Serrano, Ismael and Deniz, Oscar and Racoceanu, Daniel and Ven{\^{a}}ncio, Rui},
doi = {10.1001/jama.2017.14585},
journal = {JAMA},
number = {22},
pages = {2199},
title = {{Diagnostic Assessment of Deep Learning Algorithms for Detection of Lymph Node Metastases in Women With Breast Cancer}},
volume = {318},
year = {2017}
}
@book{Berry2016,
address = {Darien, IL, USA},
author = {Berry, R B and Brooks, R and Gamaldo, C E and Harding, S M and Lloyd, R M and Marcus, C L and Vaughn, B V},
institution = {The American Academy of Sleep Medicine},
publisher = {The American Academy of Sleep Medicine},
title = {{The AASM Manual for the Scoring of Sleep and Associated Events: Rules, Terminology and Technical Specifications, Version 2.3}},
year = {2016},
addendum = {\textbf{\acs{AASM}2016}}
}
@book{Berry2017,
address = {Darien, IL, USA},
author = {Berry, Richard B and Brooks, R and Gamaldo, C E and Harding, S M and Lloyd, R M and Quan, S F and Troester, Matthew M and Vaughn, B V},
publisher = {American Academy of Sleep Medicine},
title = {{The AASM Manual for the Scoring of Sleep and Associated Events: Rules, Terminology and Technical Specifications, Version 2.4}},
year = {2017},
addendum = {\textbf{\acs{AASM}}2017}
}
@book{Berry2018,
address = {Darien, IL, USA},
author = {Berry, Richard B and Albertario, Claude L and Harding, Susan M and Lloyd, Robin M and Plante, David T and Quan, Stuart F and Troester, Matthew M and Vaughn, Bradley V},
publisher = {American Academy of Sleep Medicine},
title = {{The AASM Manual for the Scoring of Sleep and Associated Events: Rules, Terminology and Technical Specifications, Version 2.5}},
year = {2018},
addendum = {\textbf{\acs{AASM}}2018}
}
@book{Berry2020,
address = {Darien, IL, USA},
author = {Berry, Richard B. and Brooks, Rita and Gamaldo, Charlene E. and Harding, Susan M. and Marcus, Carole L. and Vaughn, Bradley V.},
publisher = {American Academy of Sleep Medicine},
title = {{The AASM Manual for the Scoring of Sleep and Associated Events: Rules, Terminology and Technical Specifications, Version 2.6}},
year = {2020},
addendum = {\textbf{\acs{AASM}2020}}
}
@book{Bishop2006,
address = {New York City, New York, USA},
author = {Bishop, Christopher M},
publisher = {Springer},
title = {{Pattern Recognition and Machine Learning}},
year = {2006}
}
@article{Biswal2017,
archivePrefix = {arXiv},
arxivId = {1707.08262},
author = {Biswal, Siddharth and Kulas, Joshua and Sun, Haoqi and Goparaju, Balaji and Westover, M Brandon and Bianchi, Matt T and Sun, Jimeng},
eprint = {1707.08262},
title = {{SLEEPNET: Automated Sleep Staging System via Deep Learning}},
year = {2017},
primaryClass = {cs.LG}
}
@article{Biswal2018,
author = {Biswal, Siddharth and Sun, Haoqi and Goparaju, Balaji and Westover, M Brandon and Sun, Jimeng and Bianchi, Matt T},
doi = {10.1093/jamia/ocy131},
journal = {J. Am. Med. Informatics Assoc.},
number = {12},
pages = {1643--1650},
title = {{Expert-level sleep scoring with deep neural networks}},
volume = {25},
year = {2018}
}
@article{Blackwell2011,
author = {Blackwell, Terri and Yaffe, Kristine and Ancoli-Israel, Sonia and Redline, Susan and Ensrud, Kristine E. and Stefanick, Marcia L. and Laffan, Alison and Stone, Katie L.},
doi = {10.1111/j.1532-5415.2011.03731.x},
journal = {J. Am. Geriatr. Soc.},
number = {12},
pages = {2217--2225},
title = {{Associations Between Sleep Architecture and Sleep-Disordered Breathing and Cognition in Older Community-Dwelling Men: The Osteoporotic Fractures in Men Sleep Study}},
volume = {59},
year = {2011}
}
@article{Blank2005,
author = {Blank, Janet Babich and Cawthon, Peggy Mannen and Carrion-Petersen, Mary Lou and Harper, Loretta and Johnson, J. Phillip and Mitson, Eileen and Delay, Romelia Ram{\'{i}}rez},
doi = {10.1016/j.cct.2005.05.005},
journal = {Contemp. Clin. Trials},
number = {5},
pages = {557--568},
title = {{Overview of recruitment for the osteoporotic fractures in men study (MrOS)}},
volume = {26},
year = {2005}
}
@article{Bonnet2007,
author = {Bonnet, Michael H. and Doghramji, Karl and Roehrs, Timothy and Stepanski, Edward J. and Sheldon, Stephen H. and Walters, Arthur S. and Wise, Merrill and Chesson, Andrew L.},
doi = {10.5664/jcsm.26815},
journal = {J. Clin. Sleep Med.},
number = {2},
pages = {133--145},
title = {{The scoring of arousal in sleep: Reliability, validity, and alternatives}},
volume = {3},
year = {2007}
}
@article{Boostani2017,
author = {Boostani, Reza and Karimzadeh, Foroozan and Nami, Mohammad},
doi = {10.1016/j.cmpb.2016.12.004},
journal = {Comput. Methods Programs Biomed.},
pages = {77--91},
title = {{A comparative review on sleep stage classification methods in patients and healthy individuals}},
volume = {140},
year = {2017}
}
% @article{Brink-Kjaer2020,
% archivePrefix = {arXiv},
% arxivId = {1906.01700},
% author = {Brink-Kjaer, Andreas and Olesen, Alexander Neergaard and Peppard, Paul E. and Stone, Katie L. and Jennum, Poul and Mignot, Emmanuel and Sorensen, Helge B.D.},
% doi = {10.1016/j.clinph.2020.02.027},
% eprint = {1906.01700},
% file = {:C$\backslash$:/Users/neergaard/Downloads/1-s2.0-S1388245720301085-main.pdf:pdf},
% journal = {Clin. Neurophysiol.},
% mendeley-groups = {PhD/Papers/MSED},
% title = {{Automatic Detection of Cortical Arousals in Sleep and their Contribution to Daytime Sleepiness}},
% year = {2020},
% primaryClass = {q-bio.NC}
% }
@article{Brown2012,
author = {Brown, Ritchie E and Basheer, Radhika and McKenna, James T and Strecker, Robert E and McCarley, Robert W},
doi = {10.1152/physrev.00032.2011},
journal = {Physiol. Rev.},
number = {3},
pages = {1087--1187},
title = {{Control of Sleep and Wakefulness}},
volume = {92},
year = {2012}
}
@incollection{Carskadon2011,
address = {St. Louis, MO, USA},
author = {Carskadon, Mary A and Dement, William C.},
booktitle = {Princ. Pract. Sleep Med.},
edition = {5},
editor = {Kryger, Meir H. and Roth, Thomas and Dement, William C.},
pages = {16--26},
publisher = {Elsevier Inc.},
title = {{Normal Human Sleep: An Overview}},
year = {2011}
}
@inproceedings{Caruana2000,
address = {Denver, CO, USA},
author = {Caruana, Rich and Lawrence, Steve and Giles, Lee},
booktitle = {Proc. 13th Int. Conf. Neural Inf. Process. Syst.},
pages = {381--387},
publisher = {MIT Press},
title = {{Overfitting in neural nets: Backpropagation, conjugate gradient, and early stopping}},
year = {2000}
}
@article{Cash2009,
author = {Cash, Sydney S and Halgren, Eric and Dehghani, Nima and Rossetti, Andrea O and Thesen, Thomas and Wang, ChunMao and Devinsky, Orrin and Kuzniecky, Ruben and Doyle, Werner and Madsen, Joseph R and Bromfield, Edward and Eross, L. and Halasz, P. and Karmos, George and Csercsa, Rich{\'{a}}rd and Wittner, Lucia and Ulbert, Istv{\'{a}}n},
doi = {10.1126/science.1169626},
journal = {Science},
number = {5930},
pages = {1084--1087},
title = {{The Human K-Complex Represents an Isolated Cortical Down-State}},
volume = {324},
year = {2009}
}
@phdthesis{Cesari2019,
author = {Cesari, Matteo},
mendeley-groups = {PhD thesis/Chapter 2: Clinical background},
pages = {182},
publisher = {{DTU Health Technology}},
school = {Technical University of Denmark},
title = {{Data-driven classification algorithms for identification and characterization of early neurodegeneration}},
type = {PhD},
year = {2019}
}
@article{Chambon2019,
author = {Chambon, S. and Thorey, V. and Arnal, P.J. and Mignot, E. and Gramfort, A.},
doi = {10.1016/j.jneumeth.2019.03.017},
journal = {J. Neurosci. Methods},
pages = {64--78},
title = {{DOSED: A deep learning approach to detect multiple sleep micro-events in EEG signal}},
volume = {321},
year = {2019}
}
@article{Chambon2018c,
author = {Chambon, Stanislas and Galtier, Mathieu N. and Arnal, Pierrick J. and Wainrib, Gilles and Gramfort, Alexandre},
doi = {10.1109/TNSRE.2018.2813138},
journal = {IEEE Trans. Neural Syst. Rehabil. Eng.},
number = {4},
pages = {758--769},
title = {{A Deep Learning Architecture for Temporal Sleep Stage Classification Using Multivariate and Multimodal Time Series}},
volume = {26},
year = {2018}
}
@inproceedings{Chambon2018b,
address = {Aalborg, Denmark},
author = {Chambon, Stanislas and Thorey, Valentin and Arnal, Pierrick J and Mignot, Emmanuel and Gramfort, Alexandre},
booktitle = {2018 IEEE 28th Int. Work. Mach. Learn. Signal Process.},
doi = {10.1109/MLSP.2018.8517067},
pages = {1--6},
publisher = {IEEE},
title = {{A Deep Learning Architecture to Detect Events in EEG Signals During Sleep}},
year = {2018}
}
@article{Cheng2016,
author = {Cheng, Jie-Zhi and Ni, Dong and Chou, Yi-Hong and Qin, Jing and Tiu, Chui-Mei and Chang, Yeun-Chung and Huang, Chiun-Sheng and Shen, Dinggang and Chen, Chung-Ming},
doi = {10.1038/srep24454},
journal = {Sci. Rep.},
number = {1},
pages = {24454},
title = {{Computer-Aided Diagnosis with Deep Learning Architecture: Applications to Breast Lesions in US Images and Pulmonary Nodules in CT Scans}},
volume = {6},
year = {2016}
}
@article{Chiao2017,
author = {Chiao, Whitney and Durr, Megan L.},
doi = {10.1002/lary.26736},
journal = {Laryngoscope},
number = {12},
pages = {2891--2896},
title = {{Trends in sleep studies performed for Medicare beneficiaries}},
volume = {127},
year = {2017}
}
@inproceedings{Cho2014,
address = {Stroudsburg, PA, USA},
author = {Cho, Kyunghyun and van Merrienboer, Bart and Bahdanau, Dzmitry and Bengio, Yoshua},
booktitle = {Proc. SSST-8, Eighth Work. Syntax. Semant. Struct. Stat. Transl.},
doi = {10.3115/v1/W14-4012},
pages = {103--111},
publisher = {Association for Computational Linguistics},
title = {{On the Properties of Neural Machine Translation: Encoderâ€“Decoder Approaches}},
year = {2014}
}
@article{Chung2014,
archivePrefix = {arXiv},
arxivId = {1412.3555},
author = {Chung, Junyoung and Gulcehre, Caglar and Cho, KyungHyun and Bengio, Yoshua},
eprint = {1412.3555},
title = {{Empirical Evaluation of Gated Recurrent Neural Networks on Sequence Modeling}},
year = {2014},
primaryClass = {cs.NE}
}
@article{Christensen2014,
author = {Christensen, Julie A.E. and Zoetmulder, Marielle and Koch, Henriette and Frandsen, Rune and Arvastson, Lars and Christensen, S{\o}ren R. and Jennum, Poul and Sorensen, Helge B.D.},
doi = {10.1016/j.jneumeth.2014.07.014},
journal = {J. Neurosci. Methods},
pages = {262--276},
title = {{Data-driven modeling of sleep EEG and EOG reveals characteristics indicative of pre-Parkinson's and Parkinson's disease}},
volume = {235},
year = {2014}
}
@article{Christensen2015a,
author = {Christensen, Julie Anja Engelhard and Carrillo, Oscar and Leary, Eileen B and Peppard, Paul E and Young, Terry and Sorensen, Helge Bjarrup Dissing and Jennum, Poul and Mignot, Emmanuel},
doi = {10.1016/j.sleep.2015.06.007},
journal = {Sleep Med.},
mendeley-groups = {PhD thesis/Chapter 5: Classification of sleep disorders},
number = {12},
pages = {1558--1566},
title = {{Sleep-stage transitions during polysomnographic recordings as diagnostic features of type 1 narcolepsy}},
volume = {16},
year = {2015}
}
@article{Christensen2016,
author = {Christensen, Julie Anja Engelhard and Jennum, Poul and Koch, Henriette and Frandsen, Rune and Zoetmulder, Marielle and Arvastson, Lars and Christensen, S{\o}ren Rahn and Sorensen, Helge Bjarrup Dissing},
doi = {10.1016/j.clinph.2015.03.006},
journal = {Clin. Neurophysiol.},
number = {1},
pages = {537--543},
title = {{Sleep stability and transitions in patients with idiopathic REM sleep behavior disorder and patients with Parkinson's disease}},
volume = {127},
year = {2016}
}
@article{Christensen2017,
author = {Christensen, Julie A.E. and Kempfner, Lykke and Leonthin, Helle L and Hvidtfelt, Mathias and Nikolic, Miki and Kornum, Birgitte Rahbek and Jennum, Poul},
doi = {10.1016/j.sleep.2016.10.016},
journal = {Sleep Med.},
pages = {171--180},
title = {{Novel method for evaluation of eye movements in patients with narcolepsy}},
volume = {33},
year = {2017}
}
@article{Christensen2019,
author = {Christensen, Julie Anja Engelhard and Wassing, Rick and Wei, Yishul and Ramautar, Jennifer R. and Lakbila-Kamal, Oti and Jennum, Poul J{\o}rgen and {Van Someren}, Eus J.W.},
doi = {10.3389/fnins.2019.00598},
journal = {Front. Neurosci.},
pages = {598},
title = {{Data-driven analysis of EEG reveals concomitant superficial sleep during deep sleep in insomnia disorder}},
volume = {13},
year = {2019}
}
@article{Danker-Hopfe2004,
author = {Danker-Hopfe, Heidi and Kunz, D. and Gruber, G. and Kl{\"{o}}sch, G. and Lorenzo, J. L. and Himanen, S. L. and Kemp, B. and Penzel, T. and R{\"{o}}schke, J. and Dorn, H. and Schl{\"{o}}gl, A. and Trenker, E. and Dorffner, G.},
doi = {10.1046/j.1365-2869.2003.00375.x},
file = {:home/alexno/.local/share/data/Mendeley Ltd./Mendeley Desktop/Downloaded/Danker-Hopfe et al. - 2004 - Interrater reliability between scorers from eight European sleep laboratories in subjects with different sl.pdf:pdf},
journal = {J. Sleep Res.},
keywords = {Interrater reliability,Rechtschaffen and Kales,Reference data,Siesta project,Sleep stage scoring},
mendeley-groups = {PhD/Interscorer sleep staging,PhD thesis/Chapter 2: Clinical background},
pages = {63--69},
title = {{Interrater reliability between scorers from eight European sleep laboratories in subjects with different sleep disorders}},
volume = {13},
year = {2004}
}
@article{Danker-Hopfe2009,
author = {Danker-Hopfe, Heidi and Anderer, Peter and Zeitlhofer, Josef and Boeck, Marion and Dorn, Hans and Gruber, Georg and Heller, Esther and Loretz, Erna and Moser, Doris and Parapatics, Silvia and Saletu, Bernd and Schmidt, Andrea and Dorffner, Georg},
doi = {10.1111/j.1365-2869.2008.00700.x},
journal = {J. Sleep Res.},
number = {1},
pages = {74--84},
title = {{Interrater reliability for sleep scoring according to the Rechtschaffen {\&} Kales and the new AASM standard}},
volume = {18},
year = {2009}
}
@article{DaSilveira2017,
author = {da Silveira, Thiago L T and Kozakevicius, Alice J and Rodrigues, Cesar R},
doi = {10.1007/s11517-016-1519-4},
journal = {Med. Biol. Eng. Comput.},
mendeley-groups = {PhD thesis/Chapter 3: Sleep stage classification},
number = {2},
pages = {343--352},
title = {{Single-channel EEG sleep stage classification based on a streamlined set of statistical features in wavelet domain}},
volume = {55},
year = {2017}
}
@article{Dauvilliers2004,
author = {Dauvilliers, Y and Gosselin, A and Paquet, J and Touchon, J and Billiard, M and Montplaisir, J},
doi = {10.1212/01.WNL.0000101725.34089.1E},
journal = {Neurology},
mendeley-groups = {Chapter 5: Classification of sleep disorders},
number = {1},
pages = {46--50},
title = {{Effect of age on MSLT results in patients with narcolepsy-cataplexy}},
volume = {62},
year = {2004}
}
@article{Dauvilliers2020,
author = {Dauvilliers, Yves and Barateau, Lucie and Lopez, Regis and Rassu, Anna Laura and Chenini, Sofiene and Beziat, Severine and Jaussent, Isabelle},
doi = {10.1093/sleep/zsaa009},
journal = {Sleep},
pages = {1--11},
title = {{Narcolepsy Severity Scale: a reliable tool assessing symptom severity and consequences}},
year = {2020}
}
@article{DeCarli2016,
author = {{De Carli}, Fabrizio and Proserpio, Paola and Morrone, Elisa and Sartori, Ivana and Ferrara, Michele and Gibbs, Steve Alex and {De Gennaro}, Luigi and {Lo Russo}, Giorgio and Nobili, Lino},
doi = {10.1002/ana.24556},
file = {:home/alexno/Downloads/De-carli-2016-Activation-of-the-motor-cortex-duri.pdf:pdf},
journal = {Ann. Neurol.},
mendeley-groups = {PhD thesis/Chapter 2: Clinical background},
pages = {326--330},
title = {{Activation of the motor cortex during phasic rapid eye movement sleep}},
volume = {79},
year = {2016}
}
@article{Dean2016,
author = {Dean, Dennis A. and Goldberger, Ary L. and Mueller, Remo and Kim, Matthew and Rueschman, Michael and Mobley, Daniel and Sahoo, Satya S. and Jayapandian, Catherine P. and Cui, Licong and Morrical, Michael G. and Surovec, Susan and Zhang, Guo-Qiang and Redline, Susan},
doi = {10.5665/sleep.5774},
journal = {Sleep},
number = {5},
pages = {1151--1164},
title = {{Scaling Up Scientific Discovery in Sleep Medicine: The National Sleep Research Resource}},
volume = {39},
year = {2016}
}
@article{Decker2008,
author = {Decker, Michael J. and Lin, J.-M. S. and Tabassum, Humyra and Reeves, William C.},
doi = {10.1093/aje/kwn365},
journal = {Am. J. Epidemiol.},
number = {4},
pages = {435--443},
title = {{Hypersomnolence and Sleep-related Complaints in Metropolitan, Urban, and Rural Georgia}},
volume = {169},
year = {2008}
}
@article{Depner2019,
author = {Depner, Christopher M. and Cheng, Philip C. and Devine, Jaime K. and Khosla, Seema and de Zambotti, Massimiliano and Robillard, R{\'{e}}becca and Vakulin, Andrew and Drummond, Sean P A},
doi = {10.1093/sleep/zsz254},
journal = {Sleep},
number = {2},
pages = {1--13},
title = {{Wearable Technologies for Developing Sleep and Circadian Biomarkers: A Summary of Workshop Discussions}},
volume = {43},
year = {2019}
}
@article{Devlin2019,
archivePrefix = {arXiv},
arxivId = {1810.04805v2},
author = {Devlin, Jacob and Chang, Ming-Wei and Lee, Kenton and Toutanova, Kristina},
eprint = {1810.04805v2},
title = {{BERT: Pre-training of Deep Bidirectional Transformers for Language Understanding}},
year = {2019},
primaryClass = {cs.CL}
}
@article{Drakatos2013,
author = {Drakatos, Panagis and Kosky, Christopher A and Higgins, Sean E and Muza, Rexford T and Williams, Adrian J and Leschziner, Guy D},
doi = {10.1016/j.sleep.2013.03.021},
journal = {Sleep Med.},
mendeley-groups = {Chapter 5: Classification of sleep disorders},
number = {9},
pages = {897--901},
title = {{First rapid eye movement sleep periods and sleep-onset rapid eye movement periods in sleep-stage sequencing of hypersomnias}},
volume = {14},
year = {2013}
}
@article{Drinnan1998,
author = {Drinnan, Michael J and Murray, Alan and Griffiths, Clive J and Gibson, G John},
doi = {10.1164/ajrccm.158.2.9705035},
file = {:home/alexno/.local/share/data/Mendeley Ltd./Mendeley Desktop/Downloaded/Drinnan et al. - 1998 - Interobserver Variability in Recognizing Arousal in Respiratory Sleep Disorders.pdf:pdf},
journal = {Am. J. Respir. Crit. Care Med.},
mendeley-groups = {PhD thesis/Chapter 2: Clinical background},
pages = {358--362},
title = {{Interobserver Variability in Recognizing Arousal in Respiratory Sleep Disorders}},
volume = {158},
year = {1998}
}
@article{Ermis2010,
author = {Ermis, Ummehan and Krakow, Karsten and Voss, Ursula},
doi = {10.1111/j.1365-2869.2010.00831.x},
file = {:home/alexno/.local/share/data/Mendeley Ltd./Mendeley Desktop/Downloaded/ERMIS, KRAKOW, VOSS - 2010 - Arousal thresholds during human tonic and phasic REM sleep.pdf:pdf},
journal = {J. Sleep Res.},
keywords = {EEG,arousal threshold,frequency analysis,microsaccades,phasic REM,tonic REM},
mendeley-groups = {PhD,PhD thesis/Chapter 2: Clinical background},
number = {3},
pages = {400--406},
title = {{Arousal thresholds during human tonic and phasic REM sleep}},
volume = {19},
year = {2010}
}
@article{Esteva2017,
author = {Esteva, Andre and Kuprel, Brett and Novoa, Roberto A. and Ko, Justin and Swetter, Susan M. and Blau, Helen M. and Thrun, Sebastian},
doi = {10.1038/nature21056},
file = {:C$\backslash$:/Users/neergaard/Dropbox/PhD/Literature/Esteva et al. - 2017.pdf:pdf},
journal = {Nature},
mendeley-groups = {PhD/NCOMM,PhD thesis/Chapter 3: Sleep stage classification},
number = {7639},
pages = {115--118},
title = {{Dermatologist-level classification of skin cancer with deep neural networks}},
volume = {542},
year = {2017}
}
@article{Fietze2019,
author = {Fietze, Ingo and Laharnar, Naima and Obst, Anne and Ewert, Ralf and Felix, Stephan B. and Garcia, Carmen and Gl{\"{a}}ser, Sven and Glos, Martin and Schmidt, Carsten Oliver and Stubbe, Beate and V{\"{o}}lzke, Henry and Zimmermann, Sandra and Penzel, Thomas},
doi = {10.1111/jsr.12770},
journal = {J. Sleep Res.},
number = {5},
pages = {e12770},
title = {{Prevalence and association analysis of obstructive sleep apnea with gender and age differences - Results of SHIP-Trend}},
volume = {28},
year = {2019}
}
@article{Findley1988,
author = {Findley, Larry J. and Unverzagt, Mark E. and Suratt, Paul M.},
doi = {10.1164/ajrccm/138.2.337},
journal = {Am. Rev. Respir. Dis.},
number = {2},
pages = {337--340},
title = {{Automobile Accidents Involving Patients with Obstructive Sleep Apnea}},
volume = {138},
year = {1988}
}
@article{Fiorillo2019,
author = {Fiorillo, Luigi and Puiatti, Alessandro and Papandrea, Michela and Ratti, Pietro-Luca and Favaro, Paolo and Roth, Corinne and Bargiotas, Panagiotis and Bassetti, Claudio L. and Faraci, Francesca D.},
doi = {10.1016/j.smrv.2019.07.007},
journal = {Sleep Med. Rev.},
pages = {101204},
title = {{Automated sleep scoring: A review of the latest approaches}},
volume = {48},
year = {2019}
}
@article{Fonseca2020,
author = {Fonseca, Pedro and van Gilst, Merel M and Radha, Mustafa and Ross, Marco and Moreau, Arnaud and Cerny, Andreas and Anderer, Peter and Long, Xi and van Dijk, Johannes P and Overeem, Sebastiaan},
doi = {10.1093/sleep/zsaa048},
journal = {Sleep},
pages = {1--10},
title = {{Automatic sleep staging using heart rate variability, body movements, and recurrent neural networks in a sleep disordered population}},
year = {2020}
}
@article{Forget2011,
author = {Forget, Daniel and Morin, Charles M and Bastien, C{\'{e}}lyne H},
doi = {10.5665/SLEEP.1250},
journal = {Sleep},
number = {9},
pages = {1251--1260},
title = {{The Role of the Spontaneous and Evoked K-Complex in Good-Sleeper Controls and in Individuals with Insomnia}},
volume = {34},
year = {2011}
}
@article{Foulkes1962,
author = {Foulkes, W. D.},
doi = {10.1037/h0040431},
journal = {J. Abnorm. Soc. Psychol.},
number = {1},
pages = {14--25},
title = {{Dream reports from different stages of sleep.}},
volume = {65},
year = {1962}
}
@article{Frauscher2013,
author = {Frauscher, Birgit and Ehrmann, Laura and Mitterling, Thomas and Gabelia, David and Gschliesser, Viola and Brandauer, Elisabeth and Poewe, Werner and H{\"{o}}gl, Birgit},
doi = {10.5664/jcsm.2926},
journal = {J. Clin. Sleep Med.},
number = {08},
pages = {805--812},
title = {{Delayed Diagnosis, Range of Severity, and Multiple Sleep Comorbidities: A Clinical and Polysomnographic Analysis of 100 Patients of the Innsbruck Narcolepsy Cohort}},
volume = {09},
year = {2013}
}
@article{Fronczek2020,
author = {Fronczek, Rolf and Arnulf, Isabelle and Baumann, Christian R and Maski, Kiran and Pizza, Fabio and Trotti, Lynn Marie},
doi = {10.1093/sleep/zsaa044},
journal = {Sleep},
pages = {zsaa044},
title = {{To split or to lump? Classifying the central disorders of hypersomnolence}},
year = {2020}
}
@article{Gennaro2003,
author = {{De Gennaro}, Luigi and Ferrara, Michele},
doi = {10.1053/smrv.2002.0252},
journal = {Sleep Med. Rev.},
number = {5},
pages = {423--440},
title = {{Sleep spindles: an overview}},
volume = {7},
year = {2003}
}
@inproceedings{Glorot2010,
address = {Sardinia, Italy},
author = {Glorot, Xavier and Bengio, Yoshua},
booktitle = {Proc. Thirteen. Int. Conf. Artif. Intell. Stat.},
pages = {249--256},
publisher = {PMLR},
title = {{Understanding the difficulty of training deep feedforward neural networks}},
volume = {9},
year = {2010}
}
@article{Goldbart2014,
author = {Goldbart, Aviv and Peppard, Paul and Finn, Laurel and Ruoff, Chad M and Barnet, Jodi and Young, Terry and Mignot, Emmanuel},
doi = {10.5665/sleep.3758},
journal = {Sleep},
number = {6},
pages = {1043--1051},
title = {{Narcolepsy and Predictors of Positive MSLTs in the Wisconsin Sleep Cohort}},
volume = {37},
year = {2014}
}
@article{Goldberger2000,
author = {Goldberger, Ary L. and Amaral, Luis A. N. and Glass, Leon and Hausdorff, Jeffrey M. and Ivanov, Plamen Ch. and Mark, Roger G. and Mietus, Joseph E. and Moody, George B. and Peng, Chung-Kang and Stanley, H. Eugene},
doi = {10.1161/01.CIR.101.23.e215},
journal = {Circulation},
number = {23},
pages = {e215--e220},
title = {{PhysioBank, PhysioToolkit, and PhysioNet}},
volume = {101},
year = {2000}
}
@article{Goldstein2020b,
author = {Goldstein, Cathy A. and Berry, Richard B. and Kent, David T. and Kristo, David A. and Seixas, Azizi A. and Redline, Susan and Westover, M. Brandon},
doi = {10.5664/jcsm.8388},
journal = {J. Clin. Sleep Med.},
number = {4},
pages = {609--618},
title = {{Artificial intelligence in sleep medicine: background and implications for clinicians}},
volume = {16},
year = {2020}
}
@article{Goldstein2020a,
author = {Goldstein, Cathy A. and Berry, Richard B. and Kent, David T. and Kristo, David A. and Seixas, Azizi A. and Redline, Susan and Westover, M. Brandon and Abbasi-Feinberg, Fariha and Aurora, R. Nisha and Carden, Kelly A. and Kirsch, Douglas B. and Malhotra, Raman K. and Martin, Jennifer L. and Olson, Eric J. and Ramar, Kannan and Rosen, Carol L. and Rowley, James A. and Shelgikar, Anita V.},
doi = {10.5664/jcsm.8288},
journal = {J. Clin. Sleep Med.},
number = {4},
pages = {605--607},
title = {{Artificial intelligence in sleep medicine: an American Academy of Sleep Medicine position statement}},
volume = {16},
year = {2020}
}
@book{Goodfellow2016,
address = {Cambridge, MA, USA},
author = {Goodfellow, Ian and Bengio, Yoshua and Courville, Aaron},
publisher = {MIT Press},
title = {{Deep Learning}},
year = {2016}
}
@article{Gottlieb2020,
author = {Gottlieb, Daniel J. and Punjabi, Naresh M.},
doi = {10.1001/jama.2020.3514},
journal = {JAMA},
number = {14},
pages = {1389--1400},
title = {{Diagnosis and Management of Obstructive Sleep Apnea}},
volume = {323},
year = {2020}
}
@article{Gulshan2016,
author = {Gulshan, Varun and Peng, Lily and Coram, Marc and Stumpe, Martin C. and Wu, Derek and Narayanaswamy, Arunachalam and Venugopalan, Subhashini and Widner, Kasumi and Madams, Tom and Cuadros, Jorge and Kim, Ramasamy and Raman, Rajiv and Nelson, Philip C. and Mega, Jessica L. and Webster, Dale R.},
doi = {10.1001/jama.2016.17216},
file = {:C$\backslash$:/Users/neergaard/Dropbox/PhD/Literature/Gulshan et al. - 2016.pdf:pdf},
journal = {JAMA},
mendeley-groups = {PhD/NCOMM,PhD thesis/Chapter 3: Sleep stage classification},
number = {22},
pages = {2402},
title = {{Development and Validation of a Deep Learning Algorithm for Detection of Diabetic Retinopathy in Retinal Fundus Photographs}},
volume = {316},
year = {2016}
}
@article{Guyon2002,
author = {Guyon, Isabelle and Weston, Jason and Barnhill, Stephen},
doi = {10.1023/A:1012487302797},
journal = {Mach. Learn.},
mendeley-groups = {Chapter 5: Classification of sleep disorders},
pages = {389--422},
title = {{Gene Selection for Cancer Classification using Support Vector Machines}},
volume = {46},
year = {2002}
}
@article{Hafner2017,
author = {Hafner, Marco and Stepanek, Martin and Taylor, Jirka and Troxel, Wendy M and van Stolk, Christian},
journal = {Rand Heal. Q.},
number = {4},
pages = {11},
pmid = {28983434},
title = {{Why Sleep Matters-The Economic Costs of Insufficient Sleep: A Cross-Country Comparative Analysis.}},
volume = {6},
year = {2017}
}
@article{Han2014,
author = {Han, Fang and Lin, Ling and Schormair, Barbara and Pizza, Fabio and Plazzi, Giuseppe and Ollila, Hanna M and Nevsimalova, Sona and Jennum, Poul and Knudsen, Stine and Winkelmann, Juliane and Coquillard, Cristin and Babrzadeh, Farbod and Strom, Tim M and Wang, Chunlin and Mindrinos, Michael and Vina, Marcelo Fernandez and Mignot, Emmanuel},
doi = {10.5665/sleep.4066},
journal = {Sleep},
mendeley-groups = {Chapter 5: Classification of sleep disorders},
number = {10},
pages = {1601--1608},
title = {{HLA DQB1*06:02 Negative Narcolepsy with Hypocretin/Orexin Deficiency}},
volume = {37},
year = {2014}
}
@article{Hansen2017,
author = {Hansen, Mathias Hvidtfelt and Kornum, Birgitte Rahbek and Jennum, Poul},
doi = {10.1016/j.sleep.2017.01.021},
journal = {Sleep Med.},
mendeley-groups = {Chapter 5: Classification of sleep disorders},
pages = {1--6},
title = {{Sleepâ€“wake stability in narcolepsy patients with normal, low and unmeasurable hypocretin levels}},
volume = {34},
year = {2017}
}
@article{Hartmann2020,
author = {Hartmann, Simon and Bruni, Oliviero and Ferri, Raffaele and Redline, Susan and Baumert, Mathias},
doi = {10.1093/sleep/zsaa016},
journal = {Sleep},
pages = {1--9},
title = {{Characterization of cyclic alternating pattern during sleep in older men and women using large population studies}},
year = {2020}
}
@inproceedings{He2015a,
author = {He, Kaiming and Zhang, Xiangyu and Ren, Shaoqing and Sun, Jian},
booktitle = {Int. Conf. Comput. Vis.},
doi = {10.1109/ICCV.2015.123},
pages = {1026--1034},
title = {{Delving Deep into Rectifiers: Surpassing Human-Level Performance on ImageNet Classification}},
year = {2015}
}
@inproceedings{He2016,
author = {He, Kaiming and Zhang, Xiangyu and Ren, Shaoqing and Sun, Jian},
booktitle = {Comput. Vis. Pattern Recognit.},
doi = {10.1109/CVPR.2016.90},
pages = {770--778},
title = {{Deep Residual Learning for Image Recognition}},
year = {2016}
}
@incollection{He2016b,
author = {He, Kaiming and Zhang, Xiangyu and Ren, Shaoqing and Sun, Jian},
booktitle = {Comput. Vis. -- ECCV 2016},
doi = {10.1007/978-3-319-46493-0_38},
pages = {630--645},
title = {{Identity Mappings in Deep Residual Networks}},
year = {2016}
}
@article{He2019,
author = {He, Jianxing and Baxter, Sally L. and Xu, Jie and Xu, Jiming and Zhou, Xingtao and Zhang, Kang},
doi = {10.1038/s41591-018-0307-0},
journal = {Nat. Med.},
number = {1},
pages = {30--36},
title = {{The practical implementation of artificial intelligence technologies in medicine}},
volume = {25},
year = {2019}
}
@article{Heinzer2015,
author = {Heinzer, R and Vat, S and Marques-Vidal, P and Marti-Soler, H and Andries, D and Tobback, N and Mooser, V and Preisig, M and Malhotra, A and Waeber, G and Vollenweider, P and Tafti, M and Haba-Rubio, J},
doi = {10.1016/S2213-2600(15)00043-0},
journal = {Lancet Respir. Med.},
number = {4},
title = {{Prevalence of sleep-disordered breathing in the general population: the HypnoLaus study}},
volume = {3},
year = {2015}
}
@article{Henaff2019,
archivePrefix = {arXiv},
arxivId = {1905.09272},
author = {H{\'{e}}naff, Olivier J. and Srinivas, Aravind and {De Fauw}, Jeffrey and Razavi, Ali and Doersch, Carl and Eslami, S. M. Ali and van den Oord, Aaron},
eprint = {1905.09272},
title = {{Data-Efficient Image Recognition with Contrastive Predictive Coding}},
year = {2019},
primaryClass = {cs.CV}
}
@inproceedings{Hensman2015,
address = {San Diego, CA, USA},
archivePrefix = {arXiv},
arxivId = {1411.2005},
author = {Hensman, James and Matthews, Alex and Ghahramani, Zoubin},
booktitle = {Proc. 18th Int. Conf. Artif. Intell. Stat.},
eprint = {1411.2005},
publisher = {JMLR: W{\&}CP},
title = {{Scalable Variational Gaussian Process Classification}},
year = {2015},
primaryClass = {stat.ML}
}
@article{Hermans2020,
author = {Hermans, Lieke W A and van Gilst, Merel M and Regis, Marta and van den Heuvel, Leonie C E and Langen, Hanneke and van Mierlo, Petra and Krijn, Roy and Hoondert, Bertram and Maass, Henning and van Dijk, Johannes P and Leufkens, Tim R M and Overeem, Sebastiaan},
doi = {10.1093/sleep/zsaa014},
journal = {Sleep},
pages = {1--10},
title = {{Modeling sleep onset misperception in insomnia}},
year = {2020}
}
@article{Hillman2006,
author = {Hillman, David R. and Murphy, Anita Scott and Antic, Ral and Pezzullo, Lynne},
doi = {10.1093/sleep/29.3.299},
journal = {Sleep},
number = {3},
pages = {299--305},
title = {{The Economic Cost of Sleep Disorders}},
volume = {29},
year = {2006}
}
@article{Hinton2012b,
author = {Hinton, Geoffrey and Deng, Li and Yu, Dong and Dahl, George and Mohamed, Abdel-rahman and Jaitly, Navdeep and Senior, Andrew and Vanhoucke, Vincent and Nguyen, Patrick and Sainath, Tara and Kingsbury, Brian},
doi = {10.1109/MSP.2012.2205597},
journal = {IEEE Signal Process. Mag.},
number = {6},
pages = {82--97},
title = {{Deep Neural Networks for Acoustic Modeling in Speech Recognition: The Shared Views of Four Research Groups}},
volume = {29},
year = {2012}
}
@article{Hjorth1970,
author = {Hjorth, Bo},
doi = {10.1016/0013-4694(70)90143-4},
journal = {Electroencephalogr. Clin. Neurophysiol.},
mendeley-groups = {PhD thesis/Chapter 3: Sleep stage classification},
number = {3},
pages = {306--310},
title = {{EEG analysis based on time domain properties}},
volume = {29},
year = {1970}
}
@article{Hobson2009,
author = {Hobson, J Allan},
doi = {10.1038/nrn2716},
journal = {Nat. Rev. Neurosci.},
number = {11},
pages = {803--813},
title = {{REM sleep and dreaming: towards a theory of protoconsciousness}},
volume = {10},
year = {2009}
}
@article{Hochreiter1997,
author = {Hochreiter, Sepp and Schmidhuber, J{\"{u}}rgen},
doi = {10.1162/neco.1997.9.8.1735},
file = {:C$\backslash$:/Users/neergaard/Dropbox/PhD/Literature/Hochreiter, Schmidhuber - 1997.pdf:pdf},
journal = {Neural Comput.},
mendeley-groups = {PhD/Deep learning,Machine learning,PhD thesis/Chapter 3: Sleep stage classification},
number = {8},
pages = {1735--1780},
title = {{Long Short-Term Memory}},
volume = {9},
year = {1997}
}
@article{Hong2006,
author = {Hong, Seung-Chul and Lin, Ling and Jeong, Jong-Hyun and Shin, Yoon-Kyung and Han, Jin-Hee and Lee, Ji-Hyun and Lee, Sung-Pil and Zhang, Jing and Einen, Mali and Mignot, Emmanuel},
doi = {10.1093/sleep/29.11.1429},
journal = {Sleep},
number = {11},
pages = {1429--1438},
title = {{A Study of the Diagnostic Utility of HLA Typing, CSF Hypocretin-1 Measurements, and MSLT Testing for the Diagnosis of Narcolepsy in 163 Korean Patients With Unexplained Excessive Daytime Sleepiness}},
volume = {29},
year = {2006}
}
@article{Hornik1989,
author = {Hornik, Kurt and Stinchcombe, Maxwell and White, Halbert},
doi = {10.1016/0893-6080(89)90020-8},
journal = {Neural Networks},
mendeley-groups = {PhD thesis/Chapter 3: Sleep stage classification},
number = {5},
pages = {359--366},
title = {{Multilayer feedforward networks are universal approximators}},
volume = {2},
year = {1989}
}
@article{Huang2020,
author = {Huang, Wen-Chi and Lee, Pei-Lin and Liu, Yu-Ting and Chiang, Ambrose A and Lai, Feipei},
doi = {10.1093/sleep/zsz295},
journal = {Sleep},
pages = {1--11},
title = {{Support vector machine prediction of obstructive sleep apnea in a large-scale Chinese clinical sample}},
year = {2020}
}
@book{Iber2007,
address = {Westchester, IL, USA},
author = {Iber, C and Ancoli-Israel, S and Chesson, A and Quan, S F},
publisher = {American Academy of Sleep Medicine},
title = {{The AASM Manual for the Scoring of Sleep and Associated Events: Rules, Terminology and Technical Specifications}},
year = {2007},
addendum = {\textbf{\acs{AASM}}2007}
}
@book{InstituteofMedicine2006,
address = {Washington, DC, USA},
author = {{Institute of Medicine}},
doi = {10.17226/11617},
editor = {Colten, Harvey R. and Altevogt, Bruce M.},
isbn = {978-0-309-10111-0},
publisher = {The National Academies Press},
title = {{Sleep Disorders and Sleep Deprivation: An Unmet Public Health Problem}},
year = {2006}
}
@article{InternationalXyremStudyGroup2005,
author = {{International Xyrem Study Group}},
journal = {J. Clin. Sleep Med.},
number = {4},
pages = {391--397},
title = {{A double-blind, placebo-controlled study demonstrates sodium oxybate is effective for the treatment of excessive daytime sleepiness in narcolepsy}},
volume = {1},
year = {2005}
}
@conference{Ioffe2015,
address = {Lille, France},
archivePrefix = {arXiv},
arxivId = {1502.03167},
author = {Ioffe, Sergey and Szegedy, Christian},
booktitle = {Proc. 32nd Int. Conf. Mach. Learn.},
eprint = {1502.03167},
publisher = {JMLR},
title = {{Batch Normalization: Accelerating Deep Network Training by Reducing Internal Covariate Shift}},
year = {2015},
primaryClass = {cs.LG}
}
@article{Jensen2014,
author = {Jensen, Julie B and Sorensen, Helge B D and Kempfner, Jacob and S{\o}rensen, Gertrud L and Knudsen, Stine and Jennum, Poul},
doi = {10.1097/WNP.0000000000000074},
journal = {J. Clin. Neurophysiol.},
mendeley-groups = {Chapter 5: Classification of sleep disorders},
number = {5},
pages = {397--401},
title = {{Sleepâ€“Wake Transition in Narcolepsy and Healthy Controls Using a Support Vector Machine}},
volume = {31},
year = {2014}
}
@article{Johnson2018,
author = {Johnson, Dayna A. and Guo, Na and Rueschman, Michael and Wang, Rui and Wilson, James G. and Redline, Susan},
doi = {10.1093/sleep/zsy154},
journal = {Sleep},
number = {10},
pages = {1--9},
title = {{Prevalence and correlates of obstructive sleep apnea among African Americans: the Jackson Heart Sleep Study}},
volume = {41},
year = {2018}
}
@article{Kaplan2005,
author = {Kaplan, Alexander Ya and Fingelkurts, Andrew A. and Fingelkurts, Alexander A. and Borisov, Sergei V. and Darkhovsky, Boris S.},
doi = {10.1016/j.sigpro.2005.07.010},
file = {:C$\backslash$:/Users/neergaard/Downloads/Kaplan-2005-Nonstationary-nature-of-the-brain-a.pdf:pdf},
journal = {Signal Processing},
mendeley-groups = {PhD thesis/Chapter 3: Sleep stage classification},
number = {11},
pages = {2190--2212},
title = {{Nonstationary nature of the brain activity as revealed by EEG/MEG: Methodological, practical and conceptual challenges}},
volume = {85},
year = {2005}
}
@article{Kemp2000,
author = {Kemp, Bastiaan and Zwinderman, A.H. and Tuk, Bert and Kamphuisen, H.A.C. and Oberye, J.J.L.},
doi = {10.1109/10.867928},
file = {:C$\backslash$:/Users/neergaard/Dropbox/PhD/Literature/Kemp et al. - 2000.pdf:pdf},
journal = {IEEE Trans. Biomed. Eng.},
mendeley-groups = {PhD thesis/Chapter 3: Sleep stage classification},
number = {9},
pages = {1185--1194},
title = {{Analysis of a sleep-dependent neuronal feedback loop: the slow-wave microcontinuity of the EEG}},
volume = {47},
year = {2000}
}
@article{Khalighi2016,
author = {Khalighi, Sirvan and Sousa, Teresa and Santos, Jos{\'{e}} Moutinho and Nunes, Urbano},
doi = {10.1016/j.cmpb.2015.10.013},
journal = {Comput. Methods Programs Biomed.},
pages = {180--192},
title = {{ISRUC-Sleep: A comprehensive public dataset for sleep researchers}},
volume = {124},
year = {2016}
}
@article{Kiley2019,
author = {Kiley, James P. and Twery, Michael J. and Gibbons, Gary H.},
doi = {10.1093/sleep/zsz105},
journal = {Sleep},
number = {6},
pages = {1--5},
title = {{The National Center on Sleep Disorders Researchâ€”progress and promise}},
volume = {42},
year = {2019}
}
@article{Kim1993,
author = {Kim, Young and Kurachi, Masayoshi and Horita, Motoshi and Matsuura, Kohki and Kamikawa, Yasuko},
doi = {10.1111/j.1440-1819.1993.tb02035.x},
journal = {Psychiatry Clin. Neurosci.},
number = {1},
pages = {91--97},
title = {{Agreement of Visual Scoring of Sleep Stages among Many Laboratories in Japan: Effect of a Supplementary Definition of Slow Wave on Scoring of Slow Wave Sleep}},
volume = {47},
year = {1993}
}
@article{Kingma2015,
archivePrefix = {arXiv},
author = {Kingma, Diederik P and Ba, Jimmy},
eprint = {1412.6980},
title = {{Adam: A Method for Stochastic Optimization}},
year = {2014},
primaryClass = {cs.LG}
}
@article{Koch2014,
author = {Koch, Henriette and Christensen, Julie A.E. and Frandsen, Rune and Zoetmulder, Marielle and Arvastson, Lars and Christensen, Soren R and Jennum, Poul and Sorensen, Helge B.D.},
doi = {10.1016/j.jneumeth.2014.07.002},
journal = {J. Neurosci. Methods},
pages = {130--137},
title = {{Automatic sleep classification using a data-driven topic model reveals latent sleep states}},
volume = {235},
year = {2014}
}
@article{Koch2019,
author = {Koch, Henriette and Jennum, Poul and Christensen, Julie A. E.},
doi = {10.1111/jsr.12780},
journal = {J. Sleep Res.},
pages = {e12780},
title = {{Automatic sleep classification using adaptive segmentation reveals an increased number of rapid eye movement sleep transitions}},
volume = {28},
year = {2019}
}
@article{Kornum2017,
author = {Kornum, Birgitte R. and Knudsen, Stine and Ollila, Hanna M. and Pizza, Fabio and Jennum, Poul J. and Dauvilliers, Yves and Overeem, Sebastiaan},
doi = {10.1038/nrdp.2016.100},
journal = {Nat. Rev. Dis. Prim.},
number = {1},
pages = {16100},
title = {{Narcolepsy}},
volume = {3},
year = {2017}
}
@article{Kornum2020,
author = {Kornum, Birgitte Rahbek},
doi = {10.1093/sleep/zsaa055},
journal = {Sleep},
pages = {1--5},
title = {{Narcolepsy type 1: what have we learned from immunology?}},
year = {2020}
}
@inproceedings{Krogh1992,
author = {Krogh, Anders and Hertz, John A},
booktitle = {Adv. Neural Inf. Process. Syst.},
mendeley-groups = {PhD thesis/Chapter 3: Sleep stage classification},
pages = {950--957},
title = {{A Simple Weight Decay Can Improve Generalization}},
volume = {4},
year = {1992}
}
@article{Kuna2013,
author = {Kuna, Samuel T. and Benca, Ruth and Kushida, Clete A. and Walsh, James and Younes, Magdy and Staley, Bethany and Hanlon, Alexandra and Pack, Allan I. and Pien, Grace W. and Malhotra, Atul},
doi = {10.5665/sleep.2550},
journal = {Sleep},
number = {4},
pages = {583--589},
title = {{Agreement in Computer-Assisted Manual Scoring of Polysomnograms across Sleep Centers}},
volume = {36},
year = {2013}
}
@article{Landis1977,
author = {Landis, J Richard and Koch, Gary G},
journal = {Biometrics},
pages = {159--174},
title = {{The Measurement of Observer Agreement for Categorical Data.}},
volume = {33},
year = {1977}
}
@article{Lajnef2015,
author = {Lajnef, Tarek and Chaibi, Sahbi and Ruby, Perrine and Aguera, Pierre-Emmanuel and Eichenlaub, Jean-Baptiste and Samet, Mounir and Kachouri, Abdennaceur and Jerbi, Karim},
doi = {10.1016/j.jneumeth.2015.01.022},
journal = {J. Neurosci. Methods},
mendeley-groups = {PhD},
pages = {94--105},
title = {{Learning machines and sleeping brains: Automatic sleep stage classification using decision-tree multi-class support vector machines}},
volume = {250},
year = {2015}
}
@article{Lakhani2017,
author = {Lakhani, Paras and Sundaram, Baskaran},
doi = {10.1148/radiol.2017162326},
file = {:C$\backslash$:/Users/neergaard/Downloads/Lakhani-2017-Deep-learning-at-chest-radiography-.pdf:pdf},
journal = {Radiology},
mendeley-groups = {PhD thesis/Chapter 3: Sleep stage classification},
number = {2},
pages = {574--582},
title = {{Deep Learning at Chest Radiography: Automated Classification of Pulmonary Tuberculosis by Using Convolutional Neural Networks}},
volume = {284},
year = {2017}
}
@article{Lammers2020,
author = {Lammers, Gert Jan and Bassetti, Claudio L.A. and Dolenc-Groselj, Leja and Jennum, Poul J. and Kallweit, Ulf and Khatami, Ramin and Lecendreux, Michel and Manconi, Mauro and Mayer, Geert and Partinen, Markku and Plazzi, Giuseppe and Reading, Paul J. and Santamaria, Joan and Sonka, Karel and Dauvilliers, Yves},
doi = {10.1016/j.smrv.2020.101306},
journal = {Sleep Med. Rev.},
pages = {101306},
title = {{Diagnosis of central disorders of hypersomnolence: A reappraisal by European experts}},
volume = {52},
year = {2020}
}
@incollection{LeCun2012,
author = {LeCun, Yann A. and Bottou, L{\'{e}}on and Orr, Genevieve B. and M{\"{u}}ller, Klaus Robert},
booktitle = {{Neural Networks: Tricks of the Trade}},
doi = {10.1007/978-3-642-35289-8-3},
editor = {Montavon, Gr{\'{e}}goire and Orr, Genevi{\`{e}}ve B and M{\"{u}}ller, Klaus-Robert},
publisher = {Springer Berlin Heidelberg},
title = {{Efficient backprop}},
series = {Lect. Notes Comput. Sci. vol 7700},
year = {2012}
}
@article{LeCun2015,
author = {LeCun, Yann and Bengio, Yoshua and Hinton, Geoffrey},
doi = {10.1038/nature14539},
file = {:C$\backslash$:/Users/neergaard/Dropbox/PhD/Literature/LeCun, Bengio, Hinton - 2015.pdf:pdf},
journal = {Nature},
mendeley-groups = {PhD/Deep learning,Machine learning,PhD thesis/Chapter 3: Sleep stage classification},
pages = {436--444},
title = {{Deep learning}},
volume = {521},
year = {2015}
}
@inproceedings{Lenc2015,
address = {Boston, MA, USA},
author = {Lenc, Karel and Vedaldi, Andrea},
booktitle = {2015 IEEE Conf. Comput. Vis. Pattern Recognit.},
doi = {10.1109/CVPR.2015.7298701},
mendeley-groups = {PhD thesis/Chapter 3: Sleep stage classification},
pages = {991--999},
publisher = {IEEE},
title = {{Understanding image representations by measuring their equivariance and equivalence}},
year = {2015}
}
@article{Levy2015,
author = {L{\'{e}}vy, Patrick and Kohler, Malcolm and McNicholas, Walter T. and Barb{\'{e}}, Ferran and McEvoy, R. Doug and Somers, Virend K. and Lavie, Lena and P{\'{e}}pin, Jean-Louis},
doi = {10.1038/nrdp.2015.15},
journal = {Nat. Rev. Dis. Prim.},
number = {1},
pages = {15015},
title = {{Obstructive sleep apnoea syndrome}},
volume = {1},
year = {2015}
}
@article{Lim2020,
author = {Lim, Diane C and Mazzotti, Diego R and Sutherland, Kate and Mindel, Jesse W and Kim, Jinyoung and Cistulli, Peter A and Magalang, Ulysses J and Pack, Allan I and de Chazal, Philip and Penzel, Thomas},
doi = {10.1016/j.smrv.2020.101313},
journal = {Sleep Med. Rev.},
pages = {101313},
title = {{Reinventing polysomnography in the age of precision medicine}},
volume = {52},
year = {2020}
}
@article{Lin2020,
author = {Lin, Tsung-Yi and Goyal, Priyal and Girshick, Ross and He, Kaiming and Dollar, Piotr},
doi = {10.1109/TPAMI.2018.2858826},
file = {:C$\backslash$:/Users/neergaard/AppData/Local/Mendeley Ltd./Mendeley Desktop/Downloaded/Lin et al. - 2020 - Focal Loss for Dense Object Detection.pdf:pdf},
journal = {IEEE Trans. Pattern Anal. Mach. Intell.},
number = {2},
pages = {318--327},
title = {{Focal Loss for Dense Object Detection}},
volume = {42},
year = {2020}
}
@article{Littner2005,
author = {Littner, Michael R and Kushida, Clete and Wise, Merrill and {G. Davila}, David and Morgenthaler, Timothy and Lee-Chiong, Teofilo and Hirshkowitz, Max and Loube, Daniel L. and Bailey, Dennis and Berry, Richard B and Kapen, Sheldon and Kramer, Milton},
doi = {10.1093/sleep/28.1.113},
journal = {Sleep},
mendeley-groups = {Chapter 5: Classification of sleep disorders},
number = {1},
pages = {113--121},
title = {{Practice Parameters for Clinical Use of the Multiple Sleep Latency Test and the Maintenance of Wakefulness Test}},
volume = {28},
year = {2005}
}
@article{Liu2015b,
author = {Liu, Yaping and Zhang, Jihui and Lam, Venny and Ho, Crover Kwok Wah and Zhou, Junying and Li, Shirley Xin and Lam, Siu Ping and Yu, Mandy Wai Man and Tang, Xiangdong and Wing, Yun-Kwok},
doi = {10.5664/jcsm.4940},
journal = {J. Clin. Sleep Med.},
mendeley-groups = {Chapter 5: Classification of sleep disorders},
number = {08},
pages = {885--894},
title = {{Altered Sleep Stage Transitions of REM Sleep: A Novel and Stable Biomarker of Narcolepsy}},
volume = {11},
year = {2015}
}
@inproceedings{Liu2016,
address = {Cham, Switzerland},
author = {Liu, Wei and Anguelov, Dragomir and Erhan, Dumitru and Szegedy, Christian and Reed, Scott and Fu, Cheng-Yang and Berg, Alexander C},
booktitle = {Comput. Vis. -- ECCV 2016},
doi = {10.1007/978-3-319-46448-0_2},
editor = {Leibe, Bastian and Matas, Jiri and Sebe, Nicu and Welling, Max},
file = {:C$\backslash$:/Users/neergaard/AppData/Local/Mendeley Ltd./Mendeley Desktop/Downloaded/Liu et al. - 2016 - SSD Single Shot MultiBox Detector(2).pdf:pdf},
mendeley-groups = {PhD/Papers/MSED,PhD thesis/Chapter 4: Sleep event detection},
pages = {21--37},
publisher = {Springer},
title = {{SSD: Single Shot MultiBox Detector}},
year = {2016}
}
@article{Loredo1999,
author = {Loredo, Jos{\'{e}} S. and Clausen, Jack L. and Ancoli-Israel, Sonia and Dimsdale, Joel E.},
doi = {10.1093/sleep/22.7.916},
file = {:home/alexno/.local/share/data/Mendeley Ltd./Mendeley Desktop/Downloaded/Loredo et al. - 1999 - Night-to-Night Arousal Variability and Interscorer Reliability of Arousal Measurements.pdf:pdf},
journal = {Sleep},
keywords = {Arousals,Obstructive sleep apnea,Polysomnography,Reliability,Scoring,Variability},
mendeley-groups = {PhD thesis/Chapter 2: Clinical background},
number = {7},
pages = {916--920},
title = {{Night-to-Night Arousal Variability and Interscorer Reliability of Arousal Measurements}},
volume = {22},
year = {1999}
}
@article{Luca2013,
author = {Luca, Gianina and Haba-Rubio, Jos{\'{e}} and Dauvilliers, Yves and Lammers, Gert-Jan and Overeem, Sebastiaan and Donjacour, Claire E. and Mayer, Geert and Javidi, Sirous and Iranzo, Alex and Santamaria, Joan and Peraita-Adrados, Rosa and Hor, Hyun and Kutalik, Zoltan and Plazzi, Giuseppe and Poli, Francesca and Pizza, Fabio and Arnulf, Isabelle and Lecendreux, Michel and Bassetti, Claudio and Mathis, Johannes and Heinzer, Raphael and Jennum, Poul and Knudsen, Stine and Geisler, Peter and Wierzbicka, Aleksandra and Feketeova, Eva and Pfister, Corinne and Khatami, Ramin and Baumann, Christian and Tafti, Mehdi},
doi = {10.1111/jsr.12044},
journal = {J. Sleep Res.},
mendeley-groups = {Chapter 5: Classification of sleep disorders},
number = {5},
pages = {482--495},
title = {{Clinical, polysomnographic and genome-wide association analyses of narcolepsy with cataplexy: a European Narcolepsy Network study}},
volume = {22},
year = {2013}
}
@article{Lyznicki1998,
author = {Lyznicki, James M. and Doege, Theodore C. and David, Ronald M. and Williams, Michael A. and {Council on Scientific Affairs}, American Medical Association},
doi = {10.1001/jama.279.23.1908},
journal = {JAMA},
number = {23},
pages = {1908--1913},
title = {{Sleepiness, Driving, and Motor Vehicle Crashes}},
volume = {279},
year = {1998}
}
@article{Magalang2013,
author = {Magalang, Ulysses J. and Chen, Ning-Hung and Cistulli, Peter A. and Fedson, Annette C. and G{\'{i}}slason, Thorarinn and Hillman, David and Penzel, Thomas and Tamisier, Renaud and Tufik, Sergio and Phillips, Gary and Pack, Allan I.},
doi = {10.5665/sleep.2552},
journal = {Sleep},
number = {4},
pages = {591--596},
title = {{Agreement in the Scoring of Respiratory Events and Sleep Among International Sleep Centers}},
volume = {36},
year = {2013}
}
@incollection{Malhotra2014,
author = {Malhotra, Raman K and Avidan, Alon Y},
booktitle = {Atlas Sleep Med.},
chapter = {3},
edition = {2},
pages = {77--99},
publisher = {Elsevier},
title = {{Sleep Stages and Scoring Technique}},
year = {2014}
}
@article{Manni2009,
author = {Manni, Raffaele and Terzaghi, Michele and Glorioso, Margaret},
doi = {10.1093/sleep/32.2.241},
file = {:home/alexno/Downloads/10.5665{\_}sleep{\_}32.2.241.pdf:pdf},
journal = {Sleep},
keywords = {A burst,Phasic EEG events,REM sleep behavior disorder,Rapid eye movements,Sawtooth wave},
mendeley-groups = {PhD thesis/Chapter 2: Clinical background},
number = {2},
pages = {241--245},
title = {{Motor-Behavioral Episodes in REM Sleep Behavior Disorder and Phasic Events During REM Sleep}},
volume = {32},
year = {2009}
}
@article{Maski2020,
author = {Maski, Kiran and Pizza, Fabio and Liu, Shanshan and Steinhart, Erin and Little, Elaina and Colclasure, Alicia and {Diniz Behn}, Cecilia and Vandi, Stefano and Antelmi, Elena and Weller, Edie and Scammell, Thomas E and Plazzi, Giuseppe},
doi = {10.1093/sleep/zsaa066},
journal = {Sleep},
title = {{Defining Disrupted Nighttime Sleep and Assessing its Diagnostic Utility for Pediatric Narcolepsy Type 1}},
year = {2020}
}
@article{Matthews2017,
archivePrefix = {arXiv},
arxivId = {1610.08733},
author = {Matthews, Alexander G De G and Nickson, Tom and Boukouvalas, Alexis and Hensman, James},
eprint = {1610.08733},
journal = {J. Mach. Learn. Res.},
pages = {1--6},
title = {{GPflow: A Gaussian Process Library using TensorFlow}},
volume = {18},
year = {2017},
primaryClass = {stat.ML}
}
@article{McNamara2010,
author = {McNamara, Patrick and Johnson, Patricia and McLaren, Deirdre and Harris, Erica and Beauharnais, Catherine and Auerbach, Sanford},
doi = {10.1016/S0074-7742(10)92004-7},
journal = {Int. Rev. Neurobiol.},
pages = {69--86},
title = {{REM And NREM Sleep Mentation}},
volume = {92},
year = {2010}
}
@article{Mignot2002,
author = {Mignot, Emmanuel and Lammers, Gert Jan and Ripley, Beth and Okun, Michele and Nevsimalova, Sonia and Overeem, Sebastiaan and Vankova, Jitka and Black, Jed and Harsh, John and Bassetti, Claudio and Schrader, Harald and Nishino, Seiji},
doi = {10.1001/archneur.59.10.1553},
journal = {Arch. Neurol.},
mendeley-groups = {Chapter 5: Classification of sleep disorders},
number = {10},
pages = {1553},
title = {{The Role of Cerebrospinal Fluid Hypocretin Measurement in the Diagnosis of Narcolepsy and Other Hypersomnias}},
volume = {59},
year = {2002}
}
@article{Mikkelsen2017,
author = {Mikkelsen, Kaare B. and Villadsen, David Bov{\'{e}} and Otto, Marit and Kidmose, Preben},
doi = {10.1186/s12938-017-0400-5},
journal = {Biomed. Eng. Online},
mendeley-groups = {PhD thesis,PhD thesis/Chapter 2: Clinical background},
pages = {111},
title = {{Automatic sleep staging using ear-EEG}},
volume = {16},
year = {2017}
}
@article{Mikkelsen2019,
author = {Mikkelsen, Kaare B. and Tabar, Yousef R. and Kappel, Simon L. and Christensen, Christian B. and Toft, Hans O. and Hemmsen, Martin C. and Rank, Mike L. and Otto, Marit and Kidmose, Preben},
doi = {10.1038/s41598-019-53115-3},
file = {:home/alexno/Downloads/s41598-019-53115-3.pdf:pdf},
journal = {Sci. Rep.},
mendeley-groups = {PhD thesis/Chapter 2: Clinical background},
pages = {16824},
title = {{Accurate whole-night sleep monitoring with dry-contact ear-EEG}},
volume = {9},
year = {2019}
}
@article{Moore2014,
author = {Moore, Hyatt and Leary, Eileen and Lee, Seo-Young and Carrillo, Oscar and Stubbs, Robin and Peppard, Paul and Young, Terry and Widrow, Bernard and Mignot, Emmanuel},
doi = {10.1371/journal.pone.0114565},
journal = {PLoS One},
number = {12},
pages = {e114565},
title = {{Design and Validation of a Periodic Leg Movement Detector}},
volume = {9},
year = {2014}
}
@article{Moscovitch1993,
author = {Moscovitch, Adam and Partinen, Markku and Guilleminault, Christian},
doi = {10.1212/WNL.43.1_Part_1.55},
journal = {Neurology},
mendeley-groups = {Chapter 5: Classification of sleep disorders},
number = {1 Part 1},
pages = {55--55},
title = {{The positive diagnosis of narcolepsy and narcolepsy's borderland}},
volume = {43},
year = {1993}
}
@inproceedings{Nair2010,
address = {Haifa, Israel},
author = {Nair, Vinod and Hinton, Geoffrey E.},
booktitle = {Proc. 27th Int. Conf. Mach. Learn.},
title = {{Rectified Linear Units Improve Restricted Boltzmann Machines}},
year = {2010}
}
@article{Norman2000,
author = {Norman, Robert G and Pal, Ivan and Stewart, Chip and Walsleben, Joyce A and Rapoport, David M},
doi = {10.1093/sleep/23.7.1e},
file = {:home/alexno/.local/share/data/Mendeley Ltd./Mendeley Desktop/Downloaded/Norman et al. - 2000 - Interobserver agreement among sleep scorers from different centers in a large dataset.pdf:pdf},
journal = {Sleep},
mendeley-groups = {PhD/Papers/EMBC18/Deep residual networks,PhD/Sleep,PhD/Interscorer sleep staging,PhD thesis/Chapter 2: Clinical background},
number = {7},
pages = {1--8},
title = {{Interobserver Agreement Among Sleep Scorers From Different Centers in a Large Dataset}},
volume = {23},
year = {2000}
}
@article{Ohayon2002,
author = {Ohayon, Maurice M.},
doi = {10.1053/smrv.2002.0186},
journal = {Sleep Med. Rev.},
number = {2},
pages = {97--111},
title = {{Epidemiology of insomnia: what we know and what we still need to learn}},
volume = {6},
year = {2002}
}
@article{Ohayon2011,
author = {Ohayon, Maurice M.},
doi = {10.17241/smr.2011.2.1.1},
journal = {Sleep Med. Res.},
number = {1},
pages = {1--9},
title = {{Epidemiological Overview of sleep Disorders in the General Population}},
volume = {2},
year = {2011}
}
@article{Olsen2017,
author = {Olsen, Anders Vinther and Stephansen, Jens and Leary, Eileen and Peppard, Paul E. and Sheungshul, Hong and Jennum, Poul J{\o}rgen and Sorensen, Helge and Mignot, Emmanuel},
doi = {10.1016/j.jneumeth.2017.02.004},
journal = {J. Neurosci. Methods},
pages = {9--19},
title = {{Diagnostic value of sleep stage dissociation as visualized on a 2-dimensional sleep state space in human narcolepsy}},
volume = {282},
year = {2017}
}
@article{Oord2018,
archivePrefix = {arXiv},
arxivId = {1807.03748},
author = {van den Oord, Aaron and Li, Yazhe and Vinyals, Oriol},
eprint = {1807.03748},
title = {{Representation Learning with Contrastive Predictive Coding}},
year = {2018},
primaryClass = {cs.LG}
}
@article{OReilly2014,
author = {O'Reilly, Christian and Gosselin, Nadia and Carrier, Julie and Nielsen, Tore},
doi = {10.1111/jsr.12169},
file = {:C$\backslash$:/Users/neergaard/Downloads/O'Reilly{\_}et{\_}al-2014-Journal{\_}of{\_}Sleep{\_}Research.pdf:pdf},
journal = {J. Sleep Res.},
mendeley-groups = {PhD thesis/Chapter 3: Sleep stage classification},
number = {6},
pages = {628--635},
title = {{Montreal Archive of Sleep Studies: an open-access resource for instrument benchmarking and exploratory research}},
volume = {23},
year = {2014}
}
@article{Orwoll2005,
author = {Orwoll, Eric and Blank, Janet Babich and Barrett-Connor, Elizabeth and Cauley, Jane and Cummings, Steven and Ensrud, Kristine and Lewis, Cora and Cawthon, Peggy M. and Marcus, Robert and Marshall, Lynn M. and McGowan, Joan and Phipps, Kathy and Sherman, Sherry and Stefanick, Marcia L. and Stone, Katie},
doi = {10.1016/j.cct.2005.05.006},
journal = {Contemp. Clin. Trials},
number = {5},
pages = {569--585},
title = {{Design and baseline characteristics of the osteoporotic fractures in men (MrOS) study â€” A large observational study of the determinants of fracture in older men}},
volume = {26},
year = {2005}
}
@article{Ozminkowski2007,
author = {Ozminkowski, Ronald J. and Wang, Shaohung and Walsh, James K.},
doi = {10.1093/sleep/30.3.263},
journal = {Sleep},
number = {3},
pages = {263--273},
title = {{The Direct and Indirect Costs of Untreated Insomnia in Adults in the United States}},
volume = {30},
year = {2007}
}
@article{Patanaik2018,
author = {Patanaik, Amiya and Ong, Ju Lynn and Gooley, Joshua J. and Ancoli-Israel, Sonia and Chee, Michael W.L.},
doi = {10.1093/sleep/zsy041},
journal = {Sleep},
number = {5},
pages = {1--11},
title = {{An end-to-end framework for real-time automatic sleep stage classification}},
volume = {41},
year = {2018}
}
@inproceedings{Paszke2017,
address = {Long Beach, CA, USA},
author = {Paszke, Adam and Gross, Sam and Chintala, Soumith and Chanan, Gregory and Yang, Edward and DeVito, Zachary and Lin, Zeming and Desmaison, Alban and Antiga, Luca and Lerer, Adam},
booktitle = {31st Conf. Neural Inf. Process. Syst.},
file = {:C$\backslash$:/Users/neergaard/AppData/Local/Mendeley Ltd./Mendeley Desktop/Downloaded/Paszke et al. - 2017 - Automatic differentiation in PyTorch.pdf:pdf},
title = {{Automatic differentiation in PyTorch}},
year = {2017}
}
@inproceedings{Paszke2019,
archivePrefix = {arXiv},
arxivId = {1912.01703},
author = {Paszke, Adam and Gross, Sam and Massa, Francisco and Lerer, Adam and Bradbury, James and Chanan, Gregory and Killeen, Trevor and Lin, Zeming and Gimelshein, Natalia and Antiga, Luca and Desmaison, Alban and K{\"{o}}pf, Andreas and Yang, Edward and DeVito, Zach and Raison, Martin and Tejani, Alykhan and Chilamkurthy, Sasank and Steiner, Benoit and Fang, Lu and Bai, Junjie and Chintala, Soumith},
booktitle = {Adv. Neural Inf. Process. Syst. 32},
eprint = {1912.01703},
file = {:C$\backslash$:/Users/neergaard/AppData/Local/Mendeley Ltd./Mendeley Desktop/Downloaded/Paszke et al. - 2019 - PyTorch An Imperative Style, High-Performance Deep Learning Library.pdf:pdf},
pages = {8024--8035},
title = {{PyTorch: An Imperative Style, High-Performance Deep Learning Library}},
year = {2019}
}
@article{Penzel2013,
author = {Penzel, Thomas and Zhang, Xiaozhe and Fietze, Ingo},
doi = {10.5664/jcsm.2352},
file = {:home/alexno/.local/share/data/Mendeley Ltd./Mendeley Desktop/Downloaded/Penzel, Zhang, Fietze - 2013 - Inter-scorer Reliability between Sleep Centers Can Teach Us What to Improve in the Scoring Rules.pdf:pdf},
journal = {J. Clin. Sleep Med.},
mendeley-groups = {PhD/Interscorer sleep staging,PhD thesis/Chapter 2: Clinical background},
number = {1},
pages = {89--91},
title = {{Inter-scorer Reliability between Sleep Centers Can Teach Us What to Improve in the Scoring Rules}},
volume = {9},
year = {2013}
}
@article{Perez-Pozuelo2020,
author = {Perez-Pozuelo, Ignacio and Zhai, Bing and Palotti, Joao and Mall, Raghvendra and Aupetit, Micha{\"{e}}l and Garcia-Gomez, Juan M. and Taheri, Shahrad and Guan, Yu and Fernandez-Luque, Luis},
doi = {10.1038/s41746-020-0244-4},
journal = {npj Digit. Med.},
pages = {42},
title = {{The future of sleep health: a data-driven revolution in sleep science and medicine}},
volume = {3},
year = {2020}
}
@article{Peyron1998,
author = {Peyron, Christelle and Tighe, Devin K and van den Pol, Anthony N and de Lecea, Luis and Heller, H Craig and Sutcliffe, J Gregor and Kilduff, Thomas S},
doi = {10.1523/JNEUROSCI.18-23-09996.1998},
file = {:home/alexno/.local/share/data/Mendeley Ltd./Mendeley Desktop/Downloaded/Peyron et al. - 1998 - Neurons Containing Hypocretin (Orexin) Project to Multiple Neuronal Systems.pdf:pdf},
journal = {J. Neurosci.},
mendeley-groups = {PhD,PhD thesis/Chapter 2: Clinical background},
number = {23},
pages = {9996--10015},
title = {{Neurons Containing Hypocretin (Orexin) Project to Multiple Neuronal Systems}},
volume = {18},
year = {1998}
}
@article{Peyron2000,
author = {Peyron, Christelle and Faraco, Juliette and Rogers, William and Ripley, Beth and Overeem, Sebastiaan and Charnay, Yves and Nevsimalova, Sona and Aldrich, Michael and Reynolds, David and Albin, Roger and Li, Robin and Hungs, Marcel and Pedrazzoli, Mario and Padigaru, Muralidhara and Kucherlapati, Melanie and Fan, Jun and Maki, Richard and Lammers, Gert Jan and Bouras, Constantin and Kucherlapati, Raju and Nishino, Seiji and Mignot, Emmanuel},
doi = {10.1038/79690},
journal = {Nat. Med.},
mendeley-groups = {Chapter 5: Classification of sleep disorders},
number = {9},
pages = {991--997},
title = {{A mutation in a case of early onset narcolepsy and a generalized absence of hypocretin peptides in human narcoleptic brains}},
volume = {6},
year = {2000}
}
@inproceedings{Phan2018,
address = {Honolulu, HI, USA},
author = {Phan, Huy and Andreotti, Fernando and Cooray, Navin and Chen, Oliver Y. and Vos, Maarten De},
booktitle = {2018 40th Annu. Int. Conf. IEEE Eng. Med. Biol. Soc.},
doi = {10.1109/EMBC.2018.8512480},
file = {:C$\backslash$:/Users/neergaard/Downloads/08512480.pdf:pdf},
mendeley-groups = {PhD thesis/Chapter 4: Sleep event detection},
pages = {1452--1455},
publisher = {IEEE},
title = {{Automatic Sleep Stage Classification Using Single-Channel EEG: Learning Sequential Features with Attention-Based Recurrent Neural Networks}},
year = {2018}
}
@article{Phan2019,
archivePrefix = {arXiv},
arxivId = {1907.13177},
author = {Phan, Huy and Ch{\'{e}}n, Oliver Y. and Koch, Philipp and Lu, Zongqing and McLoughlin, Ian and Mertins, Alfred and {De Vos}, Maarten},
eprint = {1907.13177},
file = {:C$\backslash$:/Users/neergaard/AppData/Local/Mendeley Ltd./Mendeley Desktop/Downloaded/Phan et al. - 2019 - Towards More Accurate Automatic Sleep Staging via Deep Transfer Learning.pdf:pdf},
mendeley-groups = {PhD thesis/Chapter 4: Sleep event detection},
pages = {1--11},
title = {{Towards More Accurate Automatic Sleep Staging via Deep Transfer Learning}},
year = {2019},
primaryClass = {cs.LG}
}
@article{Phan2019a,
author = {Phan, Huy and Andreotti, Fernando and Cooray, Navin and Chen, Oliver Y. and {De Vos}, Maarten},
doi = {10.1109/TBME.2018.2872652},
journal = {IEEE Trans. Biomed. Eng.},
number = {5},
pages = {1285--1296},
title = {{Joint Classification and Prediction CNN Framework for Automatic Sleep Stage Classification}},
volume = {66},
year = {2019}
}
@article{Phan2019b,
author = {Phan, Huy and Andreotti, Fernando and Cooray, Navin and Chen, Oliver Y. and {De Vos}, Maarten},
doi = {10.1109/TNSRE.2019.2896659},
file = {:C$\backslash$:/Users/neergaard/Downloads/08631195.pdf:pdf},
journal = {IEEE Trans. Neural Syst. Rehabil. Eng.},
mendeley-groups = {PhD thesis,PhD thesis/Chapter 3: Sleep stage classification},
number = {3},
pages = {400--410},
title = {{SeqSleepNet: End-to-End Hierarchical Recurrent Neural Network for Sequence-to-Sequence Automatic Sleep Staging}},
volume = {27},
year = {2019}
}
@inproceedings{Phan2019c,
address = {A Coru{\~{n}}a, Spain},
author = {Phan, Huy and Chen, Oliver Y. and Koch, Philipp and Mertins, Alfred and Vos, Maarten De},
booktitle = {2019 27th Eur. Signal Process. Conf.},
doi = {10.23919/EUSIPCO.2019.8902977},
file = {:C$\backslash$:/Users/neergaard/AppData/Local/Mendeley Ltd./Mendeley Desktop/Downloaded/Phan et al. - 2019 - Deep Transfer Learning for Single-Channel Automatic Sleep Staging with Channel Mismatch.pdf:pdf},
mendeley-groups = {PhD thesis/Chapter 4: Sleep event detection},
pages = {1--5},
publisher = {IEEE},
title = {{Deep Transfer Learning for Single-Channel Automatic Sleep Staging with Channel Mismatch}},
year = {2019}
}
@article{Pizza2015,
author = {Pizza, Fabio and Vandi, Stefano and Iloti, Martina and Franceschini, Christian and Liguori, Rocco and Mignot, Emmanuel and Plazzi, Giuseppe},
doi = {10.5665/sleep.4908},
journal = {Sleep},
number = {8},
pages = {1277--1284},
title = {{Nocturnal Sleep Dynamics Identify Narcolepsy Type 1}},
volume = {38},
year = {2015}
}
@article{Polyak1964,
author = {Polyak, B.T.},
doi = {10.1016/0041-5553(64)90137-5},
journal = {USSR Comput. Math. Math. Phys.},
mendeley-groups = {PhD thesis/Chapter 3: Sleep stage classification},
number = {5},
pages = {1--17},
title = {{Some methods of speeding up the convergence of iteration methods}},
volume = {4},
year = {1964}
}
@article{Punjabi2008,
author = {Punjabi, Naresh M.},
doi = {10.1513/pats.200709-155MG},
journal = {Proc. Am. Thorac. Soc.},
number = {2},
pages = {136--143},
title = {{The Epidemiology of Adult Obstructive Sleep Apnea}},
volume = {5},
year = {2008}
}
@article{Quan1997,
author = {Quan, Stuart F and Howard, B V and Iber, Conrad and Kiley, James P and Nieto, F J and O'Connor, G T and Rapoport, David M and Redline, Susan and Robbins, J and Samet, J M and Wahl, Patricia W and Howard, V and Iber, Conrad and Kiley, James P and Nieto, Javier and Connor, George T O and Rapoport, David M and Redline, Susan and Samet, Iijonathan M and Wahl, Patricia W},
doi = {10.1093/sleep/20.12.1077},
journal = {Sleep},
pages = {1077--1085},
title = {{The Sleep Heart Health Study: Design, Rationale, and Methods}},
volume = {20},
year = {1997}
}
@inproceedings{Radha2014,
address = {Chicago, IL, USA},
author = {Radha, Mustafa and Garcia-Molina, Gary and Poel, Mannes and Tononi, Giulio},
booktitle = {2014 36th Annu. Int. Conf. IEEE Eng. Med. Biol. Soc.},
doi = {10.1109/EMBC.2014.6943976},
pages = {1876--1880},
publisher = {IEEE},
title = {{Comparison of feature and classifier algorithms for online automatic sleep staging based on a single EEG signal}},
year = {2014}
}
@book{Rasmussen2006,
address = {Cambridge, Massachusetts},
author = {Rasmussen, Carl E. and Williams, Christopher K. I.},
isbn = {ISBN 0-262-18253-X},
mendeley-groups = {PhD thesis/Chapter 5: Classification of sleep disorders},
publisher = {The MIT Press},
title = {{Gaussian Processes for Machine Learning}},
year = {2006}
}
@book{Rechtschaffen1968,
address = {Washington, DC},
editor = {Rechtschaffen, Allan and Kales, Anthony},
publisher = {National Institute of Health},
title = {{A manual of standardized terminology, techniques and scoring system for sleep stages of human subjects}},
year = {1968}
}
@article{Redline1998,
author = {Redline, Susan and Sanders, Mark H and Lind, Bonnie K and Quan, Stuart F and Iber, Conrad and Gottlieb, Daniel J. and Bonekat, William H. and Rapoport, David M. and Smith, Philip L. and Kiley, James P.},
doi = {10.1093/sleep/21.7.759},
journal = {Sleep},
number = {7},
pages = {759--767},
title = {{Methods for Obtaining and Analyzing Unattended Polysomnography Data for a Multicenter Study}},
volume = {21},
year = {1998}
}
@inproceedings{Redmon2016a,
address = {Las Vegas, NV, USA},
archivePrefix = {arXiv},
arxivId = {1506.02640},
author = {Redmon, Joseph and Divvala, Santosh and Girshick, Ross and Farhadi, Ali},
booktitle = {2016 IEEE Conf. Comput. Vis. Pattern Recognit.},
doi = {10.1109/CVPR.2016.91},
eprint = {1506.02640},
file = {:C$\backslash$:/Users/neergaard/AppData/Local/Mendeley Ltd./Mendeley Desktop/Downloaded/Redmon et al. - 2016 - You Only Look Once Unified, Real-Time Object Detection.pdf:pdf},
mendeley-groups = {PhD/Deep learning},
pages = {779--788},
publisher = {IEEE},
title = {{You Only Look Once: Unified, Real-Time Object Detection}},
year = {2016},
primaryClass = {cs.CV}
}
@article{Redmon2016b,
archivePrefix = {arXiv},
arxivId = {1612.08242},
author = {Redmon, Joseph and Farhadi, Ali},
eprint = {1612.08242},
title = {{YOLO9000: Better, Faster, Stronger}},
year = {2016},
primaryClass = {cs.CV}
}
@article{Reiter2015,
author = {Reiter, Joel and Katz, Eliot and Scammell, Thomas E and Maski, Kiran},
doi = {10.5665/sleep.4728},
journal = {Sleep},
number = {6},
pages = {859--65},
title = {{Usefulness of a Nocturnal SOREMP for Diagnosing Narcolepsy with Cataplexy in a Pediatric Population}},
volume = {38},
year = {2015}
}
@article{Roberts2020,
author = {Roberts, Daniel M and Schade, Margeaux M and Mathew, Gina M and Gartenberg, Daniel and Buxton, Orfeu M},
doi = {10.1093/sleep/zsaa045},
journal = {Sleep},
title = {{Detecting Sleep Using Heart Rate and Motion Data from Multisensor Consumer-Grade Wearables, Relative to Wrist Actigraphy and Polysomnography}},
year = {2020}
}
@article{Ronzhina2012,
author = {Ronzhina, Marina and Janou{\v{s}}ek, Oto and Kol{\'{a}}Å™ov{\'{a}}, Jana and Nov{\'{a}}kov{\'{a}}, Marie and Honz{\'{i}}k, Petr and Provazn{\'{i}}k, Ivo},
doi = {10.1016/j.smrv.2011.06.003},
journal = {Sleep Med. Rev.},
number = {3},
pages = {251--263},
title = {{Sleep scoring using artificial neural networks}},
volume = {16},
year = {2012}
}
@article{Rosenberg2014,
author = {Rosenberg, Richard S and {Van Hout}, Steven},
doi = {10.5664/jcsm.3630},
journal = {J. Clin. Sleep Med.},
number = {4},
pages = {447--454},
title = {{The American Academy of Sleep Medicine Inter-scorer Reliability Program: Respiratory Events}},
volume = {10},
year = {2014}
}
@article{Rosenberg2013,
author = {Rosenberg, Richard S. and {Van Hout}, Steven},
doi = {10.5664/jcsm.2350},
journal = {J. Clin. Sleep Med.},
pages = {81--87},
title = {{The American Academy of Sleep Medicine Inter-scorer Reliability Program: Sleep Stage Scoring}},
volume = {9},
year = {2013}
}
@article{Roth2013,
author = {Roth, Thomas and Dauvilliers, Yves and Mignot, Emmanuel and Montplaisir, Jacques and Paul, Josh and Swick, Todd and Zee, Phyllis},
doi = {10.5664/jcsm.3004},
journal = {J. Clin. Sleep Med.},
number = {09},
pages = {955--965},
title = {{Disrupted Nighttime Sleep in Narcolepsy}},
volume = {09},
year = {2013}
}
@article{Russakovsky2015,
author = {Russakovsky, Olga and Deng, Jia and Su, Hao and Krause, Jonathan and Satheesh, Sanjeev and Ma, Sean and Huang, Zhiheng and Karpathy, Andrej and Khosla, Aditya and Bernstein, Michael and Berg, Alexander C and Li, Fei Fei},
doi = {10.1007/s11263-015-0816-y},
journal = {Int. J. Comput. Vis.},
pages = {211--252},
title = {{ImageNet Large Scale Visual Recognition Challenge}},
year = {2015}
}
@article{Sallinen1996,
author = {Sallinen, Mikael and Kaartinen, Jukka and Lyytinen, Heikki},
doi = {10.1111/j.1365-2869.1996.00220.x},
file = {:home/alexno/Downloads/Sallinen-1996-Processing-of-auditory-stimuli-duri.pdf:pdf},
journal = {J. Sleep Res.},
keywords = {Auditory stimuli,Event-related potentials,Phasic,REM sleep,Tonic},
mendeley-groups = {PhD thesis/Chapter 2: Clinical background},
pages = {220--228},
title = {{Processing of auditory stimuli during tonic and phasic periods of REM sleep as revealed by event-related brain potentials}},
volume = {5},
year = {1996}
}
@book{Samek2019,
address = {Cham},
doi = {10.1007/978-3-030-28954-6},
editor = {Samek, Wojciech and Montavon, Gr{\'{e}}goire and Vedaldi, Andrea and Hansen, Lars Kai and M{\"{u}}ller, Klaus-Robert},
pages = {435},
publisher = {Springer, Cham},
series = {Lecture Notes in Computer Science},
title = {{Explainable AI: Interpreting, Explaining and Visualizing Deep Learning}},
volume = {11700},
year = {2019}
}
@article{Santamaria2011,
author = {Santamaria, Joan and H{\"{o}}ogl, Birgit and Trenkwalder, Claudia and Bliwise, Donald},
doi = {10.5665/SLEEP.1256},
journal = {Sleep},
number = {10},
pages = {1283--1284},
title = {{Scoring Sleep in Neurological Patients: The Need for Specific Considerations}},
volume = {34},
year = {2011}
}
@article{Saper2001,
author = {Saper, Clifford B. and Chou, Thomas C. and Scammell, Thomas E.},
doi = {10.1016/S0166-2236(00)02002-6},
journal = {Trends Neurosci.},
number = {12},
pages = {726--731},
title = {{The sleep switch: hypothalamic control of sleep and wakefulness}},
volume = {24},
year = {2001}
}
@article{Saper2005,
author = {Saper, Clifford B. and Scammell, Thomas E. and Lu, Jun},
doi = {10.1038/nature04284},
journal = {Nature},
number = {7063},
pages = {1257--1263},
title = {{Hypothalamic regulation of sleep and circadian rhythms}},
volume = {437},
year = {2005}
}
@article{Saper2010,
author = {Saper, Clifford B. and Fuller, Patrick M. and Pedersen, Nigel P. and Lu, Jun and Scammell, Thomas E.},
doi = {10.1016/j.neuron.2010.11.032},
journal = {Neuron},
number = {6},
pages = {1023--1042},
title = {{Sleep State Switching}},
volume = {68},
year = {2010}
}
@article{Sato1997,
author = {Sato, Susumu and McCutchen, Charlotte and Graham, Bonnie and Freeman, Amanda and von Albertini-Carletti, Irene and Alling, David W.},
doi = {10.1016/S0013-4694(97)00072-2},
file = {:home/alexno/.local/share/data/Mendeley Ltd./Mendeley Desktop/Downloaded/Sato et al. - 1997 - Relationship between muscle tone changes, sawtooth waves and rapid eye movements during sleep.pdf:pdf},
journal = {Electroencephalogr. Clin. Neurophysiol.},
keywords = {Muscle tone reduction,REM,Sawtooth wave},
mendeley-groups = {PhD,Narcolepsy,PhD thesis/Chapter 2: Clinical background},
number = {6},
pages = {627--632},
title = {{Relationship between muscle tone changes, sawtooth waves and rapid eye movements during sleep}},
volume = {103},
year = {1997}
}
@incollection{Schneider2017,
address = {San Diego, CA, USA},
author = {Schneider, L.},
booktitle = {Sleep Neurol. Dis.},
doi = {10.1016/B978-0-12-804074-4.00001-7},
file = {:home/alexno/Downloads/10.1016{\_}B978-0-12-804074-4.00001-7.pdf:pdf},
mendeley-groups = {PhD thesis/Chapter 2: Clinical background},
pages = {1--28},
publisher = {Academic Press},
title = {{Anatomy and Physiology of Normal Sleep}},
year = {2017}
}
@article{Scholle2003,
author = {Scholle, S and Scholle, H.-Ch and Kemper, A and Glaser, S. and Rieger, B. and Kemper, G. and Zwacka, G.},
doi = {10.1016/S1388-2457(03)00209-8},
journal = {Clin. Neurophysiol.},
number = {11},
pages = {2138--2145},
title = {{First night effect in children and adolescents undergoing polysomnography for sleep-disordered breathing}},
volume = {114},
year = {2003}
}
@article{Schwartz2020,
author = {Schwartz, Alan R. and Cohen-Zion, Mairav and Pham, Luu V. and Gal, Amit and Sowho, Mudiaga and Sgambati, Francis P. and Klopfer, Tracy and Guzman, Michelle A. and Hawks, Erin M. and Etzioni, Tamar and Glasner, Laura and Druckman, Eran and Pillar, Giora},
doi = {10.1016/j.sleep.2020.03.005},
journal = {Sleep Med.},
title = {{Brief Digital Sleep Questionnaire Powered by Machine Learning Prediction Models Identifies Common Sleep Disorders}},
year = {2020},
addendum = {\textit{in press.}}
}
@article{Sen2014,
author = {Åžen, Baha and Peker, Musa and {\c{C}}avuÅŸoÄŸlu, Abdullah and {\c{C}}elebi, Fatih V.},
doi = {10.1007/s10916-014-0018-0},
file = {:C$\backslash$:/Users/neergaard/Downloads/document.pdf:pdf},
journal = {J. Med. Syst.},
mendeley-groups = {PhD thesis/Chapter 3: Sleep stage classification},
number = {3},
pages = {18},
title = {{A Comparative Study on Classification of Sleep Stage Based on EEG Signals Using Feature Selection and Classification Algorithms}},
volume = {38},
year = {2014}
}
@inproceedings{Shotton2011,
address = {Providence, RI, USA},
author = {Shotton, Jamie and Fitzgibbon, Andrew and Cook, Mat and Sharp, Toby and Finocchio, Mark and Moore, Richard and Kipman, Alex and Blake, Andrew},
booktitle = {CVPR 2011},
doi = {10.1109/CVPR.2011.5995316},
pages = {1297--1304},
publisher = {IEEE},
title = {{Real-time human pose recognition in parts from single depth images}},
volume = {411},
year = {2011}
}
@article{Siclari2017,
author = {Siclari, Francesca and Baird, Benjamin and Perogamvros, Lampros and Bernardi, Giulio and LaRocque, Joshua J. and Riedner, Brady and Boly, Melanie and Postle, Bradley R. and Tononi, Giulio},
doi = {10.1038/nn.4545},
journal = {Nat. Neurosci.},
number = {6},
pages = {872--878},
title = {{The neural correlates of dreaming}},
volume = {20},
year = {2017}
}
@article{Silber2007,
author = {Silber, Michael H and Ancoli-Israel, Sonia and Bonnet, Michael H and Chokroverty, Sudhansu and Grigg-Damberger, Madeleine M. and Hirshkowitz, Max and Kapen, Sheldon and Keenan, Sharon a. and Kryger, Meir H. and Penzel, Thomas and Pressman, Mark R. and Iber, Conrad},
doi = {10.5664/jcsm.26814},
journal = {J. Clin. Sleep Med.},
number = {02},
pages = {121--131},
title = {{The Visual Scoring of Sleep in Adults}},
volume = {03},
year = {2007}
}
@article{Simonyan2015,
archivePrefix = {arXiv},
arxivId = {1409.1556},
author = {Simonyan, Karen and Zisserman, Andrew},
eprint = {1409.1556},
file = {:C$\backslash$:/Users/neergaard/Downloads/arXiv{\_}1409.1556.pdf:pdf},
mendeley-groups = {PhD thesis/Chapter 3: Sleep stage classification},
title = {{Very Deep Convolutional Networks for Large-Scale Image Recognition}},
year = {2015},
primaryClass = {cs.CV}
}
@article{Simor2020,
author = {Simor, P{\'{e}}ter and van der Wijk, Gwen and Nobili, Lino and Peigneux, Philippe},
doi = {10.1016/j.smrv.2020.101305},
file = {:home/alexno/Downloads/Simor-2020-The-microstructure-of-rem-sleep-why.pdf:pdf},
journal = {Sleep Med. Rev.},
mendeley-groups = {PhD thesis/Chapter 2: Clinical background},
title = {{The microstructure of REM sleep: why phasic and tonic?}},
year = {2020}
}
@article{Smurra2001,
author = {Smurra, M.V. and Dury, M. and Aubert, G. and Rodenstein, D.O. and Liistro, G.},
doi = {10.1183/09031936.01.17407230},
file = {:home/alexno/.local/share/data/Mendeley Ltd./Mendeley Desktop/Downloaded/Smurra et al. - 2001 - Sleep fragmentation comparison of two definitions of short arousals during sleep in OSAS patients.pdf:pdf},
journal = {Eur. Respir. J.},
keywords = {Movement arousals,Polysomnography,Sleep apnoea},
mendeley-groups = {PhD thesis/Chapter 2: Clinical background},
pages = {723--727},
title = {{Sleep fragmentation: comparison of two definitions of short arousals during sleep in OSAS patients}},
volume = {17},
year = {2001}
}
@article{Sorensen2013a,
author = {Sorensen, Gertrud Laura and Knudsen, Stine and Petersen, Eva Rosa and Kempfner, Jacob and Gammeltoft, Steen and Sorensen, Helge Bjarup Dissing and Jennum, Poul},
doi = {10.5665/sleep.2308},
journal = {Sleep},
number = {1},
pages = {91--98},
title = {{Attenuated Heart Rate Response is Associated with Hypocretin Deficiency in Patients with Narcolepsy}},
volume = {36},
year = {2013}
}
@article{Sorensen2013b,
author = {Sorensen, Gertrud Laura and Knudsen, Stine and Jennum, Poul},
doi = {10.5665/sleep.2880},
journal = {Sleep},
number = {8},
pages = {1173--1177},
title = {{Sleep Transitions in Hypocretin-Deficient Narcolepsy}},
volume = {36},
year = {2013}
}
@article{Sors2018,
author = {Sors, Arnaud and Bonnet, St{\'{e}}phane and Mirek, S{\'{e}}bastien and Vercueil, Laurent and Payen, Jean Fran{\c{c}}ois},
doi = {10.1016/j.bspc.2017.12.001},
journal = {Biomed. Signal Process. Control},
pages = {107--114},
title = {{A convolutional neural network for sleep stage scoring from raw single-channel EEG}},
volume = {42},
year = {2018}
}
@article{Srivastava2014,
author = {Srivastava, Nitish and Hinton, Geoffrey and Krizhevsky, Alex and Sutskever, Ilya and Salakhutdinov, Ruslan},
journal = {J. Mach. Learn. Res.},
mendeley-groups = {PhD/Deep learning,Machine learning,PhD thesis/Chapter 3: Sleep stage classification},
number = {1},
pages = {1929--1958},
title = {{Dropout: A Simple Way to Prevent Neural Networks from Overfitting}},
volume = {15},
year = {2014}
}
@article{Stevner2019,
author = {Stevner, A. B. A. and Vidaurre, D. and Cabral, J. and Rapuano, K. and Nielsen, S. F. V. and Tagliazucchi, E. and Laufs, H. and Vuust, P. and Deco, G. and Woolrich, M. W. and {Van Someren}, E. and Kringelbach, M. L.},
doi = {10.1038/s41467-019-08934-3},
journal = {Nat. Commun.},
number = {1},
pages = {1035},
title = {{Discovery of key whole-brain transitions and dynamics during human wakefulness and non-REM sleep}},
volume = {10},
year = {2019}
}
@article{Sun2019,
archivePrefix = {arXiv},
arxivId = {1908.11463},
author = {Sun, Haoqi and Ganglberger, Wolfgang and Panneerselvam, Ezhil and Leone, Michael J and Quadri, Syed A and Goparaju, Balaji and Tesh, Ryan A and Akeju, Oluwaseun and Thomas, Robert J and Westover, M Brandon},
doi = {10.1093/sleep/zsz306},
eprint = {1908.11463},
journal = {Sleep},
pages = {1--12},
title = {{Sleep staging from electrocardiography and respiration with deep learning}},
year = {2019}
}
@article{Sunwoo2019,
author = {Sunwoo, Jun-Sang and Cha, Kwang Su and Byun, Jung-Ick and Kim, Tae-Joon and Jun, Jin-Sun and Lim, Jung-Ah and Lee, Soon-Tae and Jung, Keun-Hwa and Park, Kyung-Il and Chu, Kon and Kim, Han-Joon and Kim, Manho and Lee, Sang Kun and Kim, Kyung Hwan and Schenck, Carlos H. and Jung, Ki-Young},
doi = {10.1093/sleep/zsy227},
file = {:home/alexno/Downloads/10.1093{\_}sleep{\_}zsy227.pdf:pdf},
journal = {Sleep},
keywords = {EEG,functional connectivity,idiopathic REM sleep behavior disorder,rapid eye movement,tonic and phasic motor activity},
mendeley-groups = {PhD thesis/Chapter 2: Clinical background},
number = {2},
pages = {1--10},
title = {{Abnormal activation of motor cortical network during phasic REM sleep in idiopathic REM sleep behavior disorder}},
volume = {42},
year = {2019}
}
@article{Supratak2017,
author = {Supratak, Akara and Dong, Hao and Wu, Chao and Guo, Yike},
doi = {10.1109/TNSRE.2017.2721116},
file = {:C$\backslash$:/Users/neergaard/Dropbox/PhD/Literature/Supratak et al. - 2017.pdf:pdf},
journal = {IEEE Trans. Neural Syst. Rehabil. Eng.},
mendeley-groups = {PhD thesis/Chapter 3: Sleep stage classification},
number = {11},
pages = {1998--2008},
title = {{DeepSleepNet: A Model for Automatic Sleep Stage Scoring Based on Raw Single-Channel EEG}},
volume = {25},
year = {2017}
}
@inproceedings{Szegedy2015,
address = {Las Vegas, NV, USA},
author = {Szegedy, Christian and Vanhoucke, Vincent and Ioffe, Sergey and Shlens, Jonathon and Wojna, Zbigniew},
booktitle = {2016 IEEE Conf. Comput. Vis. Pattern Recognit.},
doi = {10.1109/CVPR.2016.308},
pages = {2818--2826},
publisher = {IEEE},
title = {{Rethinking the Inception Architecture for Computer Vision}},
year = {2016}
}
@article{Takahara2002,
author = {Takahara, Madoka and Nittono, Hiroshi and Hori, Tadao},
doi = {10.1046/j.1440-1819.2002.00999.x},
file = {:home/alexno/Downloads/Takahara-2002-Comparison-of-the-event-related-pot.pdf:pdf},
journal = {Psychiatry Clin. Neurosci.},
keywords = {Event-related potentials,Oddball task,P200,P300,Tonic and phasic periods of REM sleep},
pages = {257--258},
title = {{Comparison of the event-related potentials between tonic and phasic periods of rapid eye movement sleep}},
volume = {56},
year = {2002}
}
@article{Takahara2006,
author = {Takahara, Madoka and Nittono, Hiroshi and Hori, Tadao},
doi = {10.1093/sleep/29.7.975},
file = {:home/alexno/Downloads/10.1093{\_}sleep{\_}29.7.975.pdf:pdf},
journal = {Sleep},
keywords = {Attention,Behavioral response,Event-related potentials,Late positive potentials,REM sleep,Voluntary control},
number = {7},
pages = {975--982},
title = {{Effect of Voluntary Attention on Auditory Processing During REM Sleep}},
volume = {29},
year = {2006}
}
@article{Takahara2009,
author = {Takahara, Madoka and Kanayama, Sakon and Hori, Tadao},
file = {:home/alexno/Downloads/144-148.pdf:pdf},
journal = {Int. J. Bioelectromagn.},
keywords = {eeg stages,rapid eye movement,rem,sawtooth waves,sleep},
mendeley-groups = {PhD thesis/Chapter 2: Clinical background},
number = {3},
pages = {144--148},
title = {{Co-occurrence of Sawtooth Waves and Rapid Eye Movements during REM Sleep}},
volume = {11},
year = {2009}
}
@article{Thomas2003,
author = {Thomas, Robert Joseph},
doi = {10.1093/sleep/26.8.1042},
journal = {Sleep},
number = {8},
pages = {1042--1047},
title = {{Arousals in Sleep-disordered Breathing: Patterns and Implications}},
volume = {26},
year = {2003}
}
@article{Ting2017,
author = {Ting, Daniel Shu Wei and Cheung, Carol Yim-Lui and Lim, Gilbert and Tan, Gavin Siew Wei and Quang, Nguyen D. and Gan, Alfred and Hamzah, Haslina and Garcia-Franco, Renata and {San Yeo}, Ian Yew and Lee, Shu Yen and Wong, Edmund Yick Mun and Sabanayagam, Charumathi and Baskaran, Mani and Ibrahim, Farah and Tan, Ngiap Chuan and Finkelstein, Eric A. and Lamoureux, Ecosse L. and Wong, Ian Yin and Bressler, Neil M. and Sivaprasad, Sobha and Varma, Rohit and Jonas, Jost B. and He, Ming Guang and Cheng, Ching-Yu and Cheung, Gemmy Chui Ming and Aung, Tin and Hsu, Wynne and Lee, Mong Li and Wong, Tien Yin},
doi = {10.1001/jama.2017.18152},
file = {:C$\backslash$:/Users/neergaard/Dropbox/PhD/Literature/Ting et al. - 2017.pdf:pdf},
journal = {JAMA},
mendeley-groups = {PhD/NCOMM,PhD thesis},
number = {22},
pages = {2211},
title = {{Development and Validation of a Deep Learning System for Diabetic Retinopathy and Related Eye Diseases Using Retinal Images From Multiethnic Populations With Diabetes}},
volume = {318},
year = {2017}
}
@article{Tufik2010,
author = {Tufik, Sergio and Santos-Silva, Rogerio and Taddei, Jose Augusto and Bittencourt, Lia Rita Azeredo},
doi = {10.1016/j.sleep.2009.10.005},
journal = {Sleep Med.},
number = {5},
pages = {441--446},
title = {{Obstructive Sleep Apnea Syndrome in the Sao Paulo Epidemiologic Sleep Study}},
volume = {11},
year = {2010}
}
@article{Vassalli2013,
author = {Vassalli, Anne and Dellepiane, Jose M and Emmenegger, Yann and Jimenez, Sonia and Vandi, Stefano and Plazzi, Giuseppe and Franken, Paul and Tafti, Mehdi},
doi = {10.1093/brain/awt069},
journal = {Brain},
mendeley-groups = {Chapter 5: Classification of sleep disorders},
number = {5},
pages = {1592--1608},
title = {{Electroencephalogram paroxysmal theta characterizes cataplexy in mice and children}},
volume = {136},
year = {2013}
}
@inproceedings{Vaswani2017,
address = {Long Beach, CA, USA},
archivePrefix = {arXiv},
arxivId = {1706.03762},
author = {Vaswani, Ashish and Shazeer, Noam and Parmar, Niki and Uszkoreit, Jakob and Jones, Llion and Gomez, Aidan N. and Kaiser, Lukasz and Polosukhin, Illia},
booktitle = {31st Conf. Neural Inf. Process. Syst. (NIPS 2017)},
eprint = {1706.03762},
title = {{Attention Is All You Need}},
year = {2017},
primaryClass = {cs.CL}
}
@inproceedings{Vilamala2017,
address = {Tokyo, Japan},
archivePrefix = {arXiv},
arxivId = {1710.00633},
author = {Vilamala, Albert and Madsen, Kristoffer H. and Hansen, Lars K.},
booktitle = {2017 IEEE 27th Int. Work. Mach. Learn. Signal Process.},
doi = {10.1109/MLSP.2017.8168133},
eprint = {1710.00633},
file = {:C$\backslash$:/Users/neergaard/Dropbox/PhD/Literature/Vilamala, Madsen, Hansen - 2017.pdf:pdf},
mendeley-groups = {PhD/Papers/EMBC18/Deep residual networks,PhD thesis/Chapter 3: Sleep stage classification},
pages = {1--6},
publisher = {IEEE},
title = {{Deep convolutional neural networks for interpretable analysis of EEG sleep stage scoring}},
year = {2017},
primaryClass = {cs.CV}
}
@article{Whitney1998,
author = {Whitney, Coralyn W. and Gottlieb, Daniel J. and Redline, Susan and Norman, Robert G. and Dodge, Russell R. and Shahar, Eyal and Surovec, Susan and Nieto, F. Javier},
doi = {10.1093/sleep/21.7.749},
file = {:home/alexno/.local/share/data/Mendeley Ltd./Mendeley Desktop/Downloaded/Whitney et al. - 1998 - Reliability of Scoring Respiratory Disturbance Indices and Sleep Staging.pdf:pdf},
journal = {Sleep},
keywords = {Polysomnography,Reliability,Scoring,Sleep apnea syndrome},
mendeley-groups = {PhD thesis/Chapter 2: Clinical background},
number = {7},
pages = {749--757},
title = {{Reliability of scoring respiratory disturbance indices and sleep staging}},
volume = {21},
year = {1998}
}
@article{Younes2016,
author = {Younes, Magdy and Raneri, Jill and Hanly, Patrick},
doi = {10.5664/jcsm.5894},
journal = {J. Clin. Sleep Med.},
number = {6},
pages = {885--894},
title = {{Staging sleep in polysomnograms: Analysis of inter-scorer variability}},
volume = {12},
year = {2016}
}
@article{Younes2017,
author = {Younes, Magdy},
doi = {10.1186/s41606-016-0005-0},
journal = {Sleep Sci. Pract.},
mendeley-groups = {PhD/Spindles,PhD/Papers/EMBC18/Deep residual networks,PhD thesis/Chapter 3: Sleep stage classification},
number = {1},
pages = {2},
title = {{The case for using digital EEG analysis in clinical sleep medicine}},
volume = {1},
year = {2017}
}
@article{Younes2018,
author = {Younes, Magdy and Kuna, Samuel T and Pack, Allan I and Walsh, James K and Kushida, Clete A and Staley, Bethany and Pien, Grace W},
doi = {10.5664/jcsm.6934},
journal = {J. Clin. Sleep Med.},
number = {2},
pages = {205--213},
title = {{Reliability of the American Academy of Sleep Medicine Rules for Assessing Sleep Depth in Clinical Practice}},
volume = {14},
year = {2018}
}
@article{Young1993,
author = {Young, Terry and Palta, Mari and Dempsey, Jerome and Skatrud, James and Weber, Steven and Badr, Safwan},
doi = {10.1056/NEJM199304293281704},
journal = {N. Engl. J. Med.},
number = {17},
pages = {1230--1235},
title = {{The Occurrence of Sleep-Disordered Breathing among Middle-Aged Adults}},
volume = {328},
year = {1993}
}
@article{Young2002,
author = {Young, Terry and Peppard, Paul E. and Gottlieb, Daniel J.},
doi = {10.1164/rccm.2109080},
journal = {Am. J. Respir. Crit. Care Med.},
number = {9},
pages = {1217--1239},
title = {{Epidemiology of Obstructive Sleep Apnea: A Population Health Perspective}},
volume = {165},
year = {2002}
}
@article{Young2008,
author = {Young, Terry and Finn, Laurel and Peppard, Paul E and Szklo-Coxe, Mariana and Austin, Diane and Nieto, Javier and Stubss, Robin and Hla, K Mae},
doi = {10.5665/sleep/31.8.1071},
journal = {Sleep},
number = {8},
pages = {291--292},
title = {{Sleep Disordered Breathing and Mortality: Eighteen-Year Follow-up of the Wisconsin Sleep Cohort}},
volume = {31},
year = {2008}
}
@article{Young2009,
author = {Young, Terry and Palta, Mari and Dempsey, Jerome and Peppard, Paul E and Nieto, F Javier and Hla, K Mae},
journal = {WMJ},
number = {5},
pages = {246--249},
title = {{Burden of sleep apnea: rationale, design, and major findings of the Wisconsin Sleep Cohort study}},
volume = {108},
year = {2009}
}
@article{Yu2018,
author = {Yu, Kun-Hsing and Beam, Andrew L. and Kohane, Isaac S.},
doi = {10.1038/s41551-018-0305-z},
journal = {Nat. Biomed. Eng.},
number = {10},
pages = {719--731},
title = {{Artificial intelligence in healthcare}},
volume = {2},
year = {2018}
}
@article{Zhang2015a,
author = {Zhang, Xiaozhe and Dong, Xiaosong and Kantelhardt, Jan W. and Li, Jing and Zhao, Long and Garcia, Carmen and Glos, Martin and Penzel, Thomas and Han, Fang},
doi = {10.1007/s11325-014-0990-0},
journal = {Sleep Breath.},
number = {1},
pages = {191--195},
title = {{Process and outcome for international reliability in sleep scoring}},
volume = {19},
year = {2015}
}
@article{Zhang2018,
author = {Zhang, Guo-Qiang and Cui, Licong and Mueller, Remo and Tao, Shiqiang and Kim, Matthew and Rueschman, Michael and Mariani, Sara and Mobley, Daniel and Redline, Susan},
doi = {10.1093/jamia/ocy064},
journal = {J. Am. Med. Informatics Assoc.},
number = {10},
pages = {1351--1358},
title = {{The National Sleep Research Resource: towards a sleep data commons}},
volume = {25},
year = {2018}
}
@article{Zucconi2006,
author = {Zucconi, Marco and Ferri, Raffaele and Allen, Richard and Baier, Paul Christian and Bruni, Oliviero and Chokroverty, Sudhansu and Ferini-Strambi, Luigi and Fulda, Stephany and Garcia-Borreguero, Diego and Hening, Wayne A. and Hirshkowitz, Max and H{\"{o}}gl, Birgit and Hornyak, Magdolna and King, Martin and Montagna, Pasquale and Parrino, Liborio and Plazzi, Giuseppe and Terzano, Mario G.},
doi = {10.1016/j.sleep.2006.01.001},
journal = {Sleep Med.},
number = {2},
pages = {175--183},
title = {{The official World Association of Sleep Medicine (WASM) standards for recording and scoring periodic leg movements in sleep (PLMS) and wakefulness (PLMW) developed in collaboration with a task force from the International Restless Legs Syndrome Study Grou}},
volume = {7},
year = {2006}
}
